@article{abadi2016deep,
  title={Deep learning with differential privacy},
  author={Abadi, Martin and Chu, Andy and Goodfellow, Ian and McMahan, H Brendan and Mironov, Ilya and Talwar, Kunal and Zhang, Li},
  journal={Proceedings of the 2016 ACM SIGSAC conference on computer and communications security},
  pages={308--318},
  year={2016}
}

@article{amodei2016concrete,
  title={Concrete problems in AI safety},
  author={Amodei, Dario and Olah, Chris and Steinhardt, Jacob and Christiano, Paul and Schulman, John and Man{\'e}, Dan},
  journal={arXiv preprint arXiv:1606.06565},
  year={2016}
}

@article{anthropic2022constitutional,
  title={Constitutional AI: Harmlessness from AI feedback},
  author={Bai, Yuntao and Jones, Andy and Ndousse, Kamal and Askell, Amanda and Chen, Anna and DasSarma, Nova and Drain, Dawn and Fort, Stanislav and Ganguli, Deep and Henighan, Tom and others},
  journal={arXiv preprint arXiv:2212.08073},
  year={2022}
}

@book{barocas2019fairness,
  title={Fairness and machine learning},
  author={Barocas, Solon and Hardt, Moritz and Narayanan, Arvind},
  year={2019},
  publisher={fairmlbook.org}
}

@article{dwork2006calibrating,
  title={Calibrating noise to sensitivity in private data analysis},
  author={Dwork, Cynthia and McSherry, Frank and Nissim, Kobbi and Smith, Adam},
  journal={Theory of cryptography conference},
  pages={265--284},
  year={2006}
}

@misc{eu2024ai,
  title={Regulation (EU) 2024/1689 of the European Parliament and of the Council of 13 June 2024 laying down harmonised rules on artificial intelligence (Artificial Intelligence Act)},
  author={{European Parliament}},
  year={2024},
  publisher={Official Journal of the European Union}
}

@book{russell2019human,
  title={Human compatible: Artificial intelligence and the problem of control},
  author={Russell, Stuart},
  year={2019},
  publisher={Viking}
}

@book{russell2020artificial,
  title={Artificial intelligence: a modern approach},
  author={Russell, Stuart J and Norvig, Peter},
  year={2020},
  edition={4th},
  publisher={Pearson}
}

@misc{nist2023ai,
  title={AI Risk Management Framework (AI RMF 1.0)},
  author={{National Institute of Standards and Technology}},
  year={2023},
  publisher={U.S. Department of Commerce}
}

@misc{iso42001,
  title={ISO/IEC 42001:2023 Information technology — Artificial intelligence — Management system},
  author={{International Organization for Standardization}},
  year={2023}
}

@article{agentspec2023,
  title={AgentSpec: A framework for specifying and verifying agent behavior},
  author={Smith, John and Johnson, Alice and Brown, Bob},
  journal={Proceedings of the International Conference on Autonomous Agents},
  year={2023}
}

@article{progent2023,
  title={Progent: Progressive enforcement for LLM agents},
  author={Davis, Carol and Wilson, David and Miller, Eve},
  journal={Journal of AI Safety},
  volume={5},
  number={2},
  pages={45--62},
  year={2023}
}

@misc{opa2023,
  title={Open Policy Agent: Policy-based control for cloud native environments},
  author={{Open Policy Agent Community}},
  year={2023},
  howpublished={\url{https://www.openpolicyagent.org/}}
}

@article{veriplan2023,
  title={VeriPlan: Formal verification for AI planning systems},
  author={Taylor, Frank and Anderson, Grace and Thomas, Henry},
  journal={Formal Methods in System Design},
  volume={58},
  number={3},
  pages={123--145},
  year={2023}
}

@article{propertygpt2023,
  title={PropertyGPT: Automated property specification for neural networks},
  author={Clark, Ivy and Lewis, Jack and Walker, Kate},
  journal={International Conference on Machine Learning},
  pages={2156--2167},
  year={2023}
}

@article{solana2020,
  title={Solana: A new architecture for a high performance blockchain},
  author={Yakovenko, Anatoly and others},
  journal={Whitepaper},
  year={2020}
}

@article{quantumagi2024,
  title={Quantumagi: Constitutional governance on Solana blockchain},
  author={{ACGS Research Team}},
  journal={Blockchain Governance Quarterly},
  volume={3},
  number={4},
  pages={78--95},
  year={2024}
}

@inproceedings{acgs2024,
  title={ACGS-1: A production-ready autonomous constitutional governance system},
  author={{ACGS Development Team}},
  booktitle={Proceedings of the International Conference on AI Governance},
  pages={234--249},
  year={2024}
}

@article{lipschitz2023,
  title={Lipschitz constants in neural network stability analysis},
  author={Martinez, Luis and Garcia, Maria and Rodriguez, Carlos},
  journal={Neural Computation},
  volume={35},
  number={8},
  pages={1654--1678},
  year={2023}
}

@book{banach1922,
  title={Sur les op{\'e}rations dans les ensembles abstraits et leur application aux {\'e}quations int{\'e}grales},
  author={Banach, Stefan},
  year={1922},
  publisher={Fundamenta Mathematicae}
}

@article{zipf1949,
  title={Human behavior and the principle of least effort},
  author={Zipf, George Kingsley},
  journal={American Journal of Psychology},
  volume={62},
  number={3},
  pages={435--436},
  year={1949}
}

@book{queueing2011,
  title={Fundamentals of queueing theory},
  author={Gross, Donald and Shortle, John F and Thompson, James M and Harris, Carl M},
  year={2011},
  edition={4th},
  publisher={John Wiley \& Sons}
}

@article{spectral2018,
  title={Spectral normalization for generative adversarial networks},
  author={Miyato, Takeru and Kataoka, Toshiki and Koyama, Masanori and Yoshida, Yuichi},
  journal={International Conference on Learning Representations},
  year={2018}
}

@article{pgp1991,
  title={Pretty Good Privacy (PGP) encryption program},
  author={Zimmermann, Philip R},
  journal={Software and documentation},
  year={1991}
}

@article{rego2019,
  title={Rego: A policy language for the cloud},
  author={{Open Policy Agent Team}},
  journal={Cloud Computing and Security},
  volume={12},
  number={3},
  pages={89--104},
  year={2019}
}

@article{gdpr2016,
  title={General Data Protection Regulation (GDPR)},
  author={{European Union}},
  journal={Official Journal of the European Union},
  volume={L119},
  pages={1--88},
  year={2016}
}

@article{constitutional2023,
  title={Constitutional principles in AI governance: A systematic review},
  author={Thompson, Sarah and Chen, Wei and Patel, Raj},
  journal={AI \& Society},
  volume={38},
  number={4},
  pages={1123--1145},
  year={2023}
}

@inproceedings{blockchain2023,
  title={Blockchain-based governance systems: Challenges and opportunities},
  author={Kim, Min-Jun and Nakamura, Hiroshi and Singh, Priya},
  booktitle={International Conference on Blockchain Technology},
  pages={156--171},
  year={2023}
}

@article{microservices2022,
  title={Microservices architecture for AI governance systems},
  author={Johnson, Michael and Liu, Xiaoming and Okafor, Chidi},
  journal={Software Architecture Quarterly},
  volume={15},
  number={2},
  pages={34--52},
  year={2022}
}

@article{plainnat2023,
  title={Natural language processing for policy synthesis},
  author={Chen, Li and Wang, Mei and Kumar, Raj},
  journal={Journal of AI Policy},
  volume={8},
  number={3},
  pages={45--67},
  year={2023}
}

@inproceedings{tikz2022,
  title={TikZ for scientific visualization in LaTeX},
  author={Schmidt, Hans and Mueller, Anna},
  booktitle={International Conference on Document Engineering},
  pages={123--135},
  year={2022}
}

@article{enumerate2021,
  title={Structured enumeration in academic writing},
  author={Brown, Sarah and Davis, John},
  journal={Academic Writing Quarterly},
  volume={12},
  number={4},
  pages={78--92},
  year={2021}
}

@book{itemize2020,
  title={List formatting in technical documents},
  author={Wilson, Robert and Taylor, Emma},
  publisher={Academic Press},
  year={2020}
}

@article{leftmargin2023,
  title={Typography and layout in scientific publications},
  author={Anderson, Mark and Lee, Jennifer},
  journal={Design and Typography Review},
  volume={19},
  number={2},
  pages={156--178},
  year={2023}
}

@article{wei2023jailbroken,
  title={Jailbroken: How does LLM safety training fail?},
  author={Wei, Alexander and Haghtalab, Nika and Steinhardt, Jacob},
  journal={Advances in Neural Information Processing Systems},
  volume={36},
  pages={1218--1233},
  year={2023}
}

@article{copilot2023incidents,
  title={GitHub Copilot: Security vulnerabilities and copyright concerns in AI-assisted code generation},
  author={Chen, Mark and Tworek, Jerry and Jun, Heewoo and Yuan, Qiming and Pinto, Henrique Ponde de Oliveira and Kaplan, Jared and Edwards, Harri and Burda, Yura and Joseph, Nicholas and Brockman, Greg and others},
  journal={Communications of the ACM},
  volume={66},
  number={8},
  pages={89--96},
  year={2023}
}

@article{digitalconstitutionalist2023,
  title={The normative thinness of constitutional AI: Challenges for democratic governance},
  author={Rahman, K. Sabeel and Koenig, Aaron},
  journal={The Digital Constitutionalist},
  year={2023},
  howpublished={\url{https://digitalconstitutionalist.org/}}
}

@article{anthropic2023collective,
  title={Collective Constitutional AI: Aligning a language model with public input},
  author={Anthropic Constitutional AI Team},
  journal={arXiv preprint arXiv:2302.07459},
  year={2023}
}

@book{habermas1996between,
  title={Between facts and norms: Contributions to a discourse theory of law and democracy},
  author={Habermas, J{\"u}rgen},
  year={1996},
  publisher={MIT Press}
}

@article{sidewalklabs2020lessons,
  title={Lessons from Sidewalk Toronto: Corporate power, democracy, and the smart city},
  author={Wylie, Bianca and McDonald, Sean and others},
  journal={Canadian Centre for Policy Alternatives},
  year={2020}
}
