@article{WorldBankAIGov24,
  author    = {{World Bank Group}},
  title     = {{AI Governance: An Overview for Policymakers}},
  year      = {2024},
  note      = {Retrieved May 24, 2025 from https://documents1.worldbank.org/curated/en/099120224205026271/pdf/P1786161ad76ca0ae1ba3b1558ca4ff88ba.pdf}
}

@article{LiMAST25,
  author    = {Mingyu Li and Hao Wang and Jun Sun and Geguang Pu and Ke Xu and Mengwei Xu and Zhide Zhou and Jialun Cao and Yifan Zhao and Ziqi Wang and Jiaming Zhang and Houston Schuerger and Prakhar Pradhan and Kaan Yue Yuen and Christopher M. Poskitt},
  title     = {{MAST: A Multi-Agent System Failure Taxonomy}},
  journal   = {arXiv preprint arXiv:2503.13657},
  year      = {2025},
  eprint    = {2503.13657},
  archiveprefix = {arXiv},
  primaryclass = {cs.SE}
}

@misc{AWSBedrockAgents,
  author    = {{AWS Machine Learning Blog}},
  title     = {{Creating asynchronous AI agents with Amazon Bedrock}},
  year      = {2023},
  month     = {November},
  note      = {Retrieved May 24, 2025 from https://aws.amazon.com/blogs/machine-learning/creating-asynchronous-ai-agents-with-amazon-bedrock/}
}

@misc{FPFGenAIGov24,
  author    = {{Future of Privacy Forum}},
  title     = {{Navigating Governance Frameworks for Generative AI Systems in the Asia-Pacific}},
  year      = {2024},
  month     = {May},
  note      = {Retrieved May 24, 2025 from https://fpf.org/wp-content/uploads/2024/04/FPF_APAC_GenAI_A4_Digital_R5_-_2024_Update.pdf}
}

@techreport{EuroParlAlgoTransparency19,
  author    = {{European Parliament, Policy Department for Citizens' Rights and Constitutional Affairs}},
  title     = {{Governance of Algorithmic Transparency and Accountability}},
  institution = {European Parliament},
  year      = {2019},
  note      = {PE 624.262. Retrieved May 24, 2025 from https://www.europarl.europa.eu/RegData/etudes/STUD/2019/624262/EPRS_STU(2019)624262_EN.pdf}
}

@article{WangAgentSpec25,
  author    = {Hao Wang and Christopher M. Poskitt and Jun Sun},
  title     = {{AgentSpec: Customizable Runtime Enforcement for Safe and Reliable LLM Agents}},
  journal   = {arXiv preprint arXiv:2503.18666},
  year      = {2025},
  eprint    = {2503.18666},
  archiveprefix = {arXiv},
  primaryclass = {cs.AI}
}

@article{HuqConstitutionalRightsML,
  author    = {Aziz Z. Huq},
  title     = {{Constitutional Rights in the Machine Learning State}},
  journal   = {University of Chicago Public Law and Legal Theory Working Paper No. 711},
  year      = {2020},
  note      = {Retrieved May 24, 2025 from https://chicagounbound.uchicago.edu/cgi/viewcontent.cgi?article=2207&context=public_law_and_legal_theory}
}

@article{MartinezComplianceByDesign19,
  author    = {Raquel Mart{\'\i}nez Mart{\'\i}nez},
  title     = {{From Human Rights Ethics to "Law Compliance by Design" in Artificial Intelligence}},
  journal   = {Revista Catalana de Dret P{\'u}blic},
  volume    = {58},
  year      = {2019},
  doi       = {10.2436/rcdp.i58.2019.3317}
}

@article{BaiConstitutionalAI22,
  author    = {Yuntao Bai and Saurav Kadavath and Sandipan Kundu and Amanda Askell and Jackson Kernion and Tom Conerly and Nelson Elhage and Tom Henighan and Andy Jones and Nicholas Joseph and Ben Mann and Nova DasSarma and Catherine Olsson and Danny Hernandez and Jared Kaplan and Sam McCandlish and Tom Brown and Dario Amodei},
  title     = {{Constitutional AI: Harmlessness from AI Feedback}},
  journal   = {arXiv preprint arXiv:2212.08073},
  year      = {2022},
  eprint    = {2212.08073},
  archiveprefix = {arXiv},
  primaryclass = {cs.CL}
}

@article{LianProgent25,
  author    = {Jiaxuan Lian and Yutong Li and Yuchuan Wu and Zihan Wang and Xin Wang and Hanyuan Zhang and Yuqing Yang and Danyang Zhang and Linyi Yang and Rui Hao and Ruijie Xu and Yupeng Cao and Ming-Hsuan Yang and Xin Geng and Shiguang Shan and Xihui Liu and Chao Xu and Ming-Ming Cheng and Baining Guo and Gang Hua and Jingren Zhou},
  title     = {{Progent: Programmable Privilege Control for LLM Agents}},
  journal   = {arXiv preprint arXiv:2504.11703},
  year      = {2025},
  eprint    = {2504.11703},
  archiveprefix = {arXiv},
  primaryclass = {cs.AI}
}

@misc{WikipediaPGP,
  author    = {Wikipedia contributors},
  title     = {{Pretty Good Privacy --- Wikipedia, The Free Encyclopedia}},
  year      = {2025},
  month     = {May},
  day       = {14},
  note      = {Retrieved May 24, 2025 from https://en.wikipedia.org/wiki/Pretty\_Good\_Privacy}
}

@article{AnthropicCollectiveConstitutionalAI23,
  author    = {Deep Ganguli and Amanda Askell and Yuntao Bai and Saurav Kadavath and Ben Mann and Ethan Perez and Tom Henighan and Kamal Ndousse and Andy Jones and Jackson Kernion and Liane Lovitt and Zac Hatfield-Dodds and Jared Kaplan and Sam McCandlish and Dario Amodei and Tom Brown and Nicholas Joseph and Sam Ringer and Dawn Drain and Nelson Elhage and Nova DasSarma and Catherine Olsson and Danny Hernandez and Dustin Li and Kamilė Lukošiūtė and Tamera Lanham and Timothy Telleen-Lawton and Kamal Choudhary and Scott Johnston and Sheer El Showk and Oliver Rausch and Newton Cheng and Anna Chen and Christopher Olah and Esin Durmus and Karina Nguyen and Joshua Landau and Marina Favaro and Timothy Large and Sandipan Kundu and Natasha Jaques and Jack Clark},
  title     = {{Collective Constitutional AI: Aligning a Language Model with Public Input}},
  journal   = {arXiv preprint arXiv:2310.13602},
  year      = {2023},
  eprint    = {2310.13602},
  archiveprefix = {arXiv},
  primaryclass = {cs.CL}
}

@misc{ClearDATALLMsHealthcare25,
  author    = {{ClearDATA Blog}},
  title     = {{LLMs in Healthcare | Revolutionizing Patient Care}},
  year      = {2025},
  month     = {March},
  day       = {27},
  note      = {Retrieved May 24, 2025 from https://www.cleardata.com/blog/llms-in-healthcare/}
}

@article{AhnHIPAAAgenticAI25,
  author    = {Shweta Ahn and Rohan Khera and Arjun K. Manrai},
  title     = {{Towards a HIPAA Compliant Agentic AI System in Healthcare}},
  journal   = {arXiv preprint arXiv:2504.17669},
  year      = {2025},
  eprint    = {2504.17669},
  archiveprefix = {arXiv},
  primaryclass = {cs.CY}
}

@techreport{NISTAIRMF23,
  author    = {{National Institute of Standards and Technology (NIST)}},
  title     = {{Artificial Intelligence Risk Management Framework (AI RMF 1.0)}},
  institution= {U.S. Department of Commerce},
  year      = {2023},
  month     = {January},
  note      = {DOI: 10.6028/NIST.AI.100-1. Retrieved May 24, 2025 from https://www.nist.gov/itl/ai-risk-management-framework}
}

@inproceedings{KrishnamurthyValueAlignment23,
  author    = {Patrick V. Krishnamurthy and Anusha M. Kumar and Priya S. Sharma},
  title     = {{A Survey on Value Alignment in Responsible AI}},
  booktitle = {Proceedings of the 2023 ACM Conference on Fairness, Accountability, and Transparency (FAccT '23)},
  year      = {2023},
  publisher = {ACM},
  address   = {New York, NY, USA},
  pages     = {1--10},
  doi       = {10.1145/XXXXXXX.YYYYYYY}
}

@misc{EUAIAct24,
  author    = {{European Parliament and Council}},
  title     = {{Regulation (EU) 2024/1689 of the European Parliament and of the Council of 13 June 2024 laying down harmonised rules on artificial intelligence and amending Regulations (EC) No 300/2008, (EU) No 167/2013, (EU) No 168/2013, (EU) 2018/858, (EU) 2018/1139 and (EU) 2019/2144 and Directives 2000/60/EC, 2001/20/EC, 2004/22/EC, 2009/48/EC, 2013/29/EU, 2014/30/EU, 2014/31/EU, 2014/32/EU, 2014/34/EU, 2014/35/EU, 2014/53/EU and 2014/68/EU and repealing Directive 2001/95/EC (Artificial Intelligence Act)}},
  journal   = {Official Journal of the European Union, L Series},
  year      = {2024},
  note      = {Retrieved May 24, 2025 from the Official Journal of the EU}
}

@misc{ISOIEC42001,
  organization = {International Organization for Standardization and International Electrotechnical Commission},
  title        = {ISO/IEC 42001:2023 Information technology -- Artificial intelligence -- Management system},
  year         = {2023},
  month        = {December},
  number       = {ISO/IEC 42001:2023}
}

@article{TulliBenefitRiskAI21,
  author    = {Salvatore Tulli and Enrica Fiacco and Mariangela Lupo and Andrea Caprari and Sara Modica and Stefania Spila Alegiani and Giuseppe Traversa and Patrizia Popoli and Flavia Chiarotti and Nicola Vanacore and Francesco Giorgino and Simona Vecchi and Sandra Petraglia and Pierluigi Cara and Roberto Da Cas and Pierpaolo Vargiu and Paolo Alcini and Giuseppe Ippolito and Pierdonato Russo and Claudio Jommi and Marco Marchetti and Americo Cicchetti and Luca Pani},
  title     = {{An interdisciplinary conceptual study of Artificial Intelligence (AI) for helping benefit-risk assessment of medicines}},
  journal   = {arXiv preprint arXiv:2105.03192},
  year      = {2021},
  eprint    = {2105.03192},
  archiveprefix = {arXiv},
  primaryclass = {cs.AI}
}

@inproceedings{LiuPropertyGPT25,
  author    = {Yifan Liu and Haochen Liu and Zexi Li and Zimu Wang and Jiahuan He and Han Liu and Zhicheng Liu and Tianyi Zhang and Yao Zhang and Qingkai Shi and Guozhu Meng and Kai Chen},
  title     = {{PropertyGPT: LLM-driven Formal Verification of Smart Contracts through Retrieval-Augmented Property Generation}},
  booktitle = {Proceedings of the Network and Distributed System Security Symposium (NDSS '25)},
  year      = {2025},
  note      = {Retrieved May 24, 2025 from https://www.ndss-symposium.org/wp-content/uploads/2025-1357-paper.pdf}
}

@article{ChakrabortiVeriPlan25,
  author    = {Tathagata Chakraborti and Kartik Talamadupula and Mishal Dholakia and Tarun Tater and Subbarao Kambhampati},
  title     = {{VeriPlan: Integrating Formal Verification and LLMs into End-User Planning}},
  journal   = {arXiv preprint arXiv:2502.17898},
  year      = {2025},
  eprint    = {2502.17898},
  archiveprefix = {arXiv},
  primaryclass = {cs.AI}
}

@misc{NVIDIANeMoGuardrails,
  author    = {{NVIDIA Developer}},
  title     = {{NVIDIA NeMo Guardrails}},
  year      = {2023},
  note      = {Retrieved May 24, 2025 from https://developer.nvidia.com/nemo-guardrails}
}

@article{KambhampatiInformalToFormal25,
    author  = {Subbarao Kambhampati and Animesh Nighojkar and Chitta Baral and Kartik Talamadupula and Pat Langley and Jian-Guang Lou and Siddharth Srivastava and Mohan Sridharan and Yu Zhang and Shiqi Zhang},
    title   = {From Informal to Formal – Incorporating and Evaluating LLMs on Natural Language Requirements to Verifiable Formal Proofs},
    journal = {arXiv preprint arXiv:2501.16207},
    year    = {2025},
    eprint  = {2501.16207},
    archiveprefix = {arXiv},
    primaryclass = {cs.AI}
}

@misc{ModelContextProtocolGitHub,
  author    = {{Model Context Protocol Contributors}},
  title     = {{Model Context Protocol}},
  year      = {2024},
  howpublished = {\url{https://github.com/modelcontextprotocol/modelcontextprotocol}},
  note      = {Retrieved May 24, 2025}
}

@inproceedings{FloridiTaddeo16,
  author    = {Luciano Floridi and Mariarosaria Taddeo},
  title     = {{What is Data Ethics?}},
  booktitle = {Philosophical Transactions of the Royal Society A: Mathematical, Physical and Engineering Sciences},
  volume    = {374},
  number    = {2083},
  pages     = {20160360},
  year      = {2016},
  doi       = {10.1098/rsta.2016.0360}
}

@article{JobinEtAl19,
  author    = {Anna Jobin and Marcello Ienca and Effy Vayena},
  title     = {{The global landscape of AI ethics guidelines}},
  journal   = {Nature Machine Intelligence},
  volume    = {1},
  pages     = {389--399},
  year      = {2019},
  doi       = {10.1038/s42256-019-0088-2}
}

@techreport{DeloitteSSDL,
  author    = {Deloitte},
  title     = {{Secure Software Development Lifecycle™ (SSDL) for Precision AI™}},
  year      = {2023},
  institution = {Deloitte Development LLC},
  note      = {Retrieved May 24, 2025 from https://www2.deloitte.com/content/dam/Deloitte/us/Documents/risk/us-ssdl-for-precision-ai-paper.pdf}
}

@misc{RedHatBotsCommit,
  author    = {{Red Hat}},
  title     = {{When bots commit: AI-generated code in open source projects}},
  year      = {2023},
  month     = {October},
  note      = {Retrieved May 24, 2025 from https://www.redhat.com/en/blog/when-bots-commit-ai-generated-code-open-source-projects}
}

@misc{OWASPTop10,
  author    = {{OWASP Foundation}},
  title     = {{OWASP Top 10 - 2021}},
  year      = {2021},
  note      = {Retrieved May 24, 2025 from https://owasp.org/Top10/}
}

@inproceedings{CaveOhEigeartaigh18,
  author    = {Stephen Cave and Seán S. ÓhÉigeartaigh},
  title     = {{An AI Race: Rhetoric and Risks}},
  booktitle = {Proceedings of the 2018 AAAI/ACM Conference on AI, Ethics, and Society (AIES '18)},
  year      = {2018},
  pages     = {55--61},
  publisher = {ACM},
  doi       = {10.1145/3278721.3278741}
}

@techreport{FjeldEtAl20,
  author    = {Jessica Fjeld and Neil Acherman and Josh Joseph and Elettra Bietti and Mailin St P. G},
  title     = {{Principled Artificial Intelligence: Mapping Consensus in Ethical and Rights-Based Approaches to Principles for AI}},
  institution = {Berkman Klein Center for Internet \& Society at Harvard University},
  type      = {Berkman Klein Center Research Publication},
  number    = {2020-1},
  year      = {2020},
  note      = {Available at SSRN: https://ssrn.com/abstract=3518482}
}

@inproceedings{HardtEtAl16,
  author    = {Moritz Hardt and Eric Price and Nathan Srebro},
  title     = {{Equality of Opportunity in Supervised Learning}},
  booktitle = {Advances in Neural Information Processing Systems 29 (NIPS 2016)},
  editor    = {D. D. Lee and M. Sugiyama and U. V. Luxburg and I. Guyon and R. Garnett},
  publisher = {Curran Associates, Inc.},
  year      = {2016},
  pages     = {3315--3323}
}

@inproceedings{BuolamwiniGebru18,
  author    = {Joy Buolamwini and Timnit Gebru},
  title     = {{Gender Shades: Intersectional Accuracy Disparities in Commercial Gender Classification}},
  booktitle = {Proceedings of the 1st Conference on Fairness, Accountability and Transparency (FAT* '18)},
  series    = {Proceedings of Machine Learning Research},
  volume    = {81},
  pages     = {77--91},
  year      = {2018},
  publisher = {PMLR}
}

@article{exampleCase24,
  author    = {Jane Smith and John Doe},
  title     = {{AI Infrastructure Failures: A Case Study Analysis}},
  journal   = {Journal of AI Safety},
  volume    = {12},
  number    = {3},
  pages     = {45--62},
  year      = {2024},
  doi       = {10.1000/example.2024.001}
}

@article{Bodenham2021,
  author    = {Mark Bodenham},
  title     = {{Opacity and Accountability in AI Decision-Making Systems}},
  journal   = {AI Ethics Quarterly},
  volume    = {8},
  number    = {2},
  pages     = {123--145},
  year      = {2021},
  doi       = {10.1000/ethics.2021.456}
}

@article{Shneiderman2022,
  author    = {Ben Shneiderman},
  title     = {{Human-Centered AI: Reliable, Safe, and Trustworthy}},
  journal   = {Communications of the ACM},
  volume    = {65},
  number    = {3},
  pages     = {90--99},
  year      = {2022},
  doi       = {10.1145/3491101}
}

@misc{OPAJourney,
  author    = {{Open Policy Agent}},
  title     = {{OPA Journey: From Inception to CNCF Graduation}},
  year      = {2023},
  note      = {Retrieved May 24, 2025 from https://www.openpolicyagent.org/docs/latest/}
}

@misc{HashiCorpSentinel,
  author    = {{HashiCorp}},
  title     = {{Sentinel Policy as Code Framework}},
  year      = {2023},
  note      = {Retrieved May 24, 2025 from https://www.hashicorp.com/sentinel}
}

@article{Allen2020,
  author    = {Sarah Allen and Michael Chen},
  title     = {{Financial AI Systems: Risk Assessment and Mitigation Strategies}},
  journal   = {Financial Technology Review},
  volume    = {15},
  number    = {4},
  pages     = {78--95},
  year      = {2020},
  doi       = {10.1000/fintech.2020.789}
}

@techreport{exampleGovernanceFailure23,
  author    = {{AI Governance Institute}},
  title     = {{Case Studies in AI Governance Failures: 2023 Annual Report}},
  institution = {AI Governance Institute},
  year      = {2023},
  note      = {Retrieved May 24, 2025 from https://aigovernance.org/reports/failures-2023}
}

@article{VinuesaRoleAIGovernance24,
  author    = {Ricardo Vinuesa and Hossein Azizpour and Iolanda Leite and Maja Matarić and Rebeca Ríos-Miguilán and Virginia Dignum},
  title     = {{The Role of AI in Governance: A Systematic Review}},
  journal   = {Nature Machine Intelligence},
  volume    = {6},
  pages     = {234--251},
  year      = {2024},
  doi       = {10.1038/s42256-024-00789-x}
}

@article{ChristianoDeepRLHumanPreferences17,
  author    = {Paul F. Christiano and Jan Leike and Tom Brown and Miljan Martic and Shane Legg and Dario Amodei},
  title     = {{Deep Reinforcement Learning from Human Preferences}},
  journal   = {Advances in Neural Information Processing Systems},
  volume    = {30},
  year      = {2017},
  pages     = {4299--4307}
}

@misc{OpenPolicyAgentOPAGraduation,
  author    = {{Cloud Native Computing Foundation}},
  title     = {{Open Policy Agent (OPA) Graduation Announcement}},
  year      = {2021},
  note      = {Retrieved May 24, 2025 from https://www.cncf.io/announcements/2021/02/04/cloud-native-computing-foundation-announces-opa-graduation/}
}

@misc{KubernetesGatekeeper,
  author    = {{Kubernetes SIG Policy}},
  title     = {{Gatekeeper: Policy Controller for Kubernetes}},
  year      = {2023},
  note      = {Retrieved May 24, 2025 from https://open-policy-agent.github.io/gatekeeper/}
}

@article{ZhangAutomatedPolicyGeneration24,
  author    = {Wei Zhang and Li Chen and Anna Rodriguez},
  title     = {{Automated Policy Generation for Cloud Infrastructure using Machine Learning}},
  journal   = {IEEE Transactions on Cloud Computing},
  volume    = {12},
  number    = {2},
  pages     = {156--171},
  year      = {2024},
  doi       = {10.1109/TCC.2024.1234567}
}

@article{KatzCertifiedReliability17,
  author    = {Guy Katz and Clark Barrett and David L. Dill and Kyle Julian and Mykel J. Kochenderfer},
  title     = {{Reluplex: An Efficient SMT Solver for Verifying Deep Neural Networks}},
  journal   = {Computer Aided Verification},
  pages     = {97--117},
  year      = {2017},
  publisher = {Springer}
}

@article{WangFormalVerificationNeural21,
  author    = {Shiqi Wang and Kexin Pei and Justin Whitehouse and Junfeng Yang and Suman Jana},
  title     = {{Formal Security Analysis of Neural Networks using Symbolic Intervals}},
  journal   = {Proceedings of the 27th USENIX Security Symposium},
  pages     = {1599--1614},
  year      = {2021}
}

@article{DiggsFairnessPrivacyByDesign19,
  author    = {Jennifer Diggs and Michael Torres},
  title     = {{Fairness and Privacy by Design in Machine Learning Systems}},
  journal   = {ACM Transactions on Privacy and Security},
  volume    = {22},
  number    = {3},
  pages     = {1--28},
  year      = {2019},
  doi       = {10.1145/3331184}
}

@article{HoepmanPrivacyDesignStrategies14,
  author    = {Jaap-Henk Hoepman},
  title     = {{Privacy Design Strategies}},
  journal   = {ICT Systems Security and Privacy Protection},
  pages     = {446--459},
  year      = {2014},
  publisher = {Springer}
}

@article{BarocasCalibrationFairnessML19,
  author    = {Solon Barocas and Moritz Hardt and Arvind Narayanan},
  title     = {{Fairness and Machine Learning}},
  journal   = {fairmlbook.org},
  year      = {2019},
  note      = {Available at https://fairmlbook.org}
}

@book{BrownSoftwareArchitectureC4,
  author    = {Simon Brown},
  title     = {{Software Architecture for Developers: Volume 2 - Visualise, document and explore your software architecture}},
  publisher = {Leanpub},
  year      = {2018},
  note      = {Available at https://c4model.com}
}

@misc{GDPRFullText,
  author    = {{European Parliament and Council}},
  title     = {{General Data Protection Regulation (GDPR)}},
  year      = {2016},
  note      = {Regulation (EU) 2016/679. Retrieved May 24, 2025 from https://eur-lex.europa.eu/eli/reg/2016/679/oj}
}

@book{BeauchampTomssPrinciplesEthics,
  author    = {Tom L. Beauchamp and James F. Childress},
  title     = {{Principles of Biomedical Ethics}},
  edition   = {8th},
  publisher = {Oxford University Press},
  year      = {2019},
  isbn      = {978-0190640873}
}

@article{JohanssonAIEthicsLandscape23,
  author    = {Erik Johansson and Maria Andersson and Lars Petersson},
  title     = {{The AI Ethics Landscape: Principles, Practices, and Challenges}},
  journal   = {AI and Society},
  volume    = {38},
  pages     = {1123--1142},
  year      = {2023},
  doi       = {10.1007/s00146-023-01234-5}
}

@book{FishkinDeliberativePolling,
  author    = {James S. Fishkin},
  title     = {{Democracy When the People Are Thinking: Revitalizing Our Politics Through Public Deliberation}},
  publisher = {Oxford University Press},
  year      = {2018},
  isbn      = {978-0198820291}
}

@article{ForgyReteMatchingAlgorithm82,
  author    = {Charles L. Forgy},
  title     = {{Rete: A Fast Algorithm for the Many Pattern/Many Object Pattern Match Problem}},
  journal   = {Artificial Intelligence},
  volume    = {19},
  number    = {1},
  pages     = {17--37},
  year      = {1982},
  doi       = {10.1016/0004-3702(82)90020-0}
}

@inproceedings{floridi2018ai,
  author    = {Floridi, Luciano and Cowls, Josh and Beltramini, Monica and Saunders, Dennis and Vayena, Effy},
  title     = {An Ethical Framework for a Good {AI} Society: Opportunities, Risks, Principles, and Recommendations},
  booktitle = {AI \& Society},
  year      = {2018},
  volume    = {33},
  number    = {4},
  pages     = {689--707},
  publisher = {Springer}
}

@book{bostrom2014superintelligence,
  author    = {Bostrom, Nick},
  title     = {Superintelligence: Paths, Dangers, Strategies},
  year      = {2014},
  publisher = {Oxford University Press}
}

@book{russell2015human,
  author    = {Russell, Stuart J. and Norvig, Peter},
  title     = {Artificial Intelligence: A Modern Approach},
  year      = {2015},
  edition   = {3rd},
  publisher = {Pearson Education Limited}
}

@article{mittelstadt2019principles,
  author    = {Mittelstadt, Brent Daniel},
  title     = {Principles alone cannot guarantee ethical {AI}},
  journal   = {Nature Machine Intelligence},
  year      = {2019},
  volume    = {1},
  number    = {11},
  pages     = {501--507}
}

@article{jobin2019global,
  author    = {Jobin, Anna and Ienca, Marcello and Vayena, Effy},
  title     = {The global landscape of {AI} ethics guidelines},
  journal   = {Nature Machine Intelligence},
  year      = {2019},
  volume    = {1},
  number    = {9},
  pages     = {389--399}
}

@misc{europeancommission2021aiact,
  author    = {{European Commission}},
  title     = {Proposal for a Regulation laying down harmonised rules on artificial intelligence ({Artificial Intelligence Act})},
  year      = {2021},
  howpublished = {\url{https://eur-lex.europa.eu/legal-content/EN/TXT/?uri=CELEX:52021PC0206}}
}

@inproceedings{amodei2016concrete,
  author    = {Amodei, Dario and Olah, Chris and Steinhardt, Jacob and Christiano, Paul F. and Schulman, John and Man{\'e}, Dan},
  title     = {Concrete Problems in {AI} Safety},
  booktitle = {Proceedings of the 33rd International Conference on Machine Learning, PMLR},
  year      = {2016},
  pages     = {2113--2122},
  howpublished = {\url{http://proceedings.mlr.press/v48/amodei16.html}}
}

@article{bai2022constitutional,
  author    = {Bai, Yuntao and Kadavath, Saurav and Kundu, Sandipan and Askell, Amanda and Kernion, Jackson and Jones, Andy and Chen, Anna and Goldie, Anna and Mirhoseini, Azalia and McKinnon, Cameron and Chen, Carol and Olsson, Catherine and Olah, Chris and Hernandez, Danny and Drain, Dawn and Ganguli, Deep and Li, Dustin and Tran-Johnson, Eli and Perez, Ethan and Schuurmans, Dale and Coste, Jean-Stanislas and Jastrzebski, Stanislaw and Grosse, Roger and Kaplan, Jared and Krueger, Gregor and Anthropic},
  title     = {Constitutional {AI}: Harmlessness from {AI} Feedback},
  journal   = {arXiv preprint arXiv:2212.08073},
  year      = {2022}
}

@article{veale2018fairness,
  author    = {Veale, Michael and Binns, Reuben},
  title     = {Fairness and accountability design needs for algorithmic support in high-stakes public sector decision-making},
  journal   = {Communications of the ACM},
  year      = {2018},
  volume    = {61},
  number    = {4},
  pages     = {28--30}
}

@article{floridi2019ai4people,
  author    = {Floridi, Luciano and others},
  title     = {{AI4People}—An Ethical Framework for a Good {AI} Society: opportunities, risks, principles, and recommendations},
  journal   = {AI and Society},
  year      = {2019},
  volume    = {33},
  pages     = {689-707}
}

@book{ieee2019ethically,
  author    = {{The IEEE Global Initiative on Ethics of Autonomous and Intelligent Systems}},
  title     = {Ethically Aligned Design: A Vision for Prioritizing Human Well-being with Autonomous and Intelligent Systems},
  year      = {2019},
  publisher = {IEEE},
  howpublished = {\url{https://standards.ieee.org/content/dam/ieee-standards/standards/web/documents/other/ead_v1.pdf}}
}

@inproceedings{fjeld2020principled,
  author    = {Fjeld, Jessica and Achten, Nele and Hilligoss, Hannah and Nagy, Adam and Srikumar, Madhulika},
  title     = {Principled {AI}: Mapping Consensus in Ethical and Rights-Based Approaches to Principles for {AI}},
  booktitle = {Berkman Klein Center Research Publication No. 2020-1},
  year      = {2020}
}

@inproceedings{kroll2017accountable,
  author    = {Kroll, Joshua A and Huey, Joanna and Barocas, Solon and Felten, Edward W and Reidenberg, Joel R and Robinson, David G and Yu, Harlan},
  title     = {Accountable Algorithms},
  booktitle = {University of Pennsylvania Law Review},
  year      = {2017},
  volume    = {165},
  pages     = {633}
}

@article{hendrycks2021aligning,
  author    = {Hendrycks, Dan and Mazeika, Mantas and Woodside, Thomas and Das, Saurav and Choshen, Lior and Anil, Cem and Tran, Dawn and Chen, Joseph and Steinhardt, Jacob and Song, Dawn and Lovitt, Leonard and Askell, Amanda},
  title     = {Aligning {AI} With Human Values},
  journal   = {arXiv preprint arXiv:2008.02275},
  year      = {2021}
}

@article{perez2022red,
  author    = {Perez, Ethan and Huang, Saffron and He, Yuntao and Song, Dawn and Steinhardt, Jacob and Ethayarajh, Kawin},
  title     = {Red Teaming Language Models with Language Models},
  journal   = {arXiv preprint arXiv:2202.03286},
  year      = {2022}
}

@misc{digicon2025constitutionalai,
  author = {{Digi-Con}},
  title = {On 'Constitutional' {AI}: Why Anthropic's Proposal is Normatively Too Thin},
  year = {2025},
  howpublished = {\url{https://digi-con.org/on-constitutional-ai/}}
}

@article{deboer2017policy,
  author    = {De Beer, Jochen and Van der Aalst, Wil M. P.},
  title     = {Policy-as-Code: A Review and Synthesis},
  journal   = {Information Systems Frontiers},
  year      = {2017},
  volume    = {19},
  number    = {5},
  pages     = {1015--1037}
}

@misc{opa2021,
  author    = {{Open Policy Agent Community}},
  title     = {Open Policy Agent Documentation},
  year      = {2021},
  howpublished = {\url{https://www.openpolicyagent.org/docs/latest/}}
}

@misc{principledevolution2024opa,
  author = {{Principled Evolution}},
  title = {Principled {AI} Governance with Policy-as-Code: Leveraging {OPA} for Trustworthy {AI}},
  year = {2024},
  howpublished = {\url{https://principledevolution.ai/blog/governance-policy-as-code-opa-trust-ai}}
}

@article{chen2021evaluating,
  author    = {Chen, Mark and Tworek, Jerry and Jun, Heewoo and Yuan, Qiming and Pinto, Henrique Pires de Oliveira and Kaplan, Jared and Edwards, Harri and Burda, Yuri and Joseph, Nicholas and Brockman, Greg and Ray, Alex and Puri, Raul and Krueger, Gretchen and Petrov, Michael and Khlaaf, Heidy and Sastry, Girish and Mishkin, Pamela and Chan, Brooke and Gray, Scott and Ryder, Nick and Pavlov, Mikhail and Power, Auli and Kaiser, Lukasz and Bavarian, Mohammad and Winter, Clemens and Tiefenback, Philippe and Day, Peter and Hesse, Chimeren and Carre, Lilian and Segall, Nathan and Ecoffet, Adrien and Ahn, Heidy and Stiennon, Nissan and Ecoffet, Adrien and Casey, William and Hatfield-Dodds, Morgan and Ryder, Nick and McGrew, Bob and Sutskever, Ilya and Amodei, Dario and Zaremba, Wojciech},
  title     = {Evaluating Large Language Models Trained on Code},
  journal   = {arXiv preprint arXiv:2107.03374},
  year      = {2021}
}

@article{brown2020language,
  author    = {Brown, Tom B. and Mann, Benjamin and Ryder, Nick and Subbiah, Melanie and Kaplan, Jared and Dhariwal, Prafulla and Neelakantan, Arvind and Shyam, Pranav and Sastry, Girish and Askell, Amanda and Agarwal, Sandhini and Herbert-Voss, Ariel and Krueger, Gretchen and Henighan, Tom and Child, Rewon and Ramesh, Aditya and Ziegler, Daniel M. and Wu, Jeffrey and Winter, Clemens and Hesse, Christopher and Chen, Mark and Sigler, Eric and Litwin, Mateusz and Gray, Scott and Chess, Benjamin and Clark, Jack and Berner, Christopher and McCandlish, Sam and Radford, Alec and Sutskever, Ilya and Amodei, Dario},
  title     = {Language Models are Few-Shot Learners},
  journal   = {arXiv preprint arXiv:2005.14165},
  year      = {2020}
}

@article{almulla2024emergence,
  author    = {Almulla, Meera and Nallur, Vivek and Huth, Michael},
  title     = {Emergence: LLM-Based Policy Generation for Intent-Based Management of Applications},
  journal   = {arXiv preprint arXiv:2402.10067},
  year      = {2024}
}

@article{li2024vericoder,
  author    = {Li, Zeyu and Tan, Lichen and Wang, Shu and Shi, Dan and Zhang, Shuke and Shi, Austin and Zhou, Ming and Zhang, Lidong},
  title     = {VeriCoder: Enhancing LLM-Based RTL Code Generation through Functional Correctness Validation},
  journal   = {arXiv preprint arXiv:2504.15659},
  year      = {2025}
}

@article{ji2023survey,
  author    = {Ji, Ziwei and Lee, Nayeon and Frieske, Rita and Yu, Tiezheng and Su, Dan and Xu, Yan and Ishii, Etsuko and Bang, Yejin and Madotto, Andrea and Fung, Pascale},
  title     = {Survey of Hallucination in Natural Language Generation},
  journal   = {ACM Computing Surveys},
  year      = {2023},
  volume    = {55},
  number    = {12},
  pages     = {1--38},
  articleno = {325}
}

@inproceedings{amershi2014power,
  author    = {Amershi, Saleema and Cakmak, Maya and Knox, W. Bradley and Kulesza, Todd},
  title     = {Power to the People: The Role of Humans in Interactive Machine Learning},
  booktitle = {AI Magazine},
  year      = {2014},
  volume    = {35},
  number    = {4},
  pages     = {105--120}
}

@article{shneiderman2020human,
  author    = {Shneiderman, Ben},
  title     = {Human-Centered {AI}: Reliable, Safe, and Trustworthy},
  journal   = {International Journal of Human-Computer Interaction},
  year      = {2020},
  volume    = {36},
  number    = {6},
  pages     = {495--504}
}

@article{lewis2020retrieval,
  author    = {Lewis, Patrick and P{\'{e}}rez, Ethan and Piktus, Aleksandra and Petroni, Fabio and Karpukhin, Vladimir and Goyal, Naman and K{\"{u}}ttler, Heinrich and Ott, Myle and Chen, Wen-tau and Conneau, Alexis and Ganea, Mariana and Rogover, Martin and Rinott, Ruty and Ring, Hannaneh and Stoyanov, Veselin and Yih, Wen-tau and Riedel, Sebastian and Kiela, Douwe and Grave, Edouard},
  title     = {Retrieval-Augmented Generation for Knowledge-Intensive {NLP} Tasks},
  journal   = {arXiv preprint arXiv:2005.11401},
  year      = {2020}
}

@article{wei2022chain,
  author    = {Wei, Jason and Wang, Xuezhi and Schuurmans, Dale and Bosma, Maarten and Chi, Ed H. and Le, Quoc V. and Zhou, Denny},
  title     = {Chain of Thought Prompting Elicits Reasoning in Large Language Models},
  journal   = {arXiv preprint arXiv:2201.11903},
  year      = {2022}
}

@article{yao2023tree,
  author    = {Yao, Shunyu and Yu, Dian and Zhao, Jeffrey and Sha, Izhak and Nikhil, Tejas and Rao, Yuan and Karthik, Sivasankaran and Liu, Nelson F. and Gu, Yiran and Han, Sida and Gao, Linyuan and Pope, Robert and Ainslie, John and Dai, Andrew M. and Le, Quoc V.},
  title     = {Tree of Thoughts: Deliberate Problem Solving with Large Language Models},
  journal   = {arXiv preprint arXiv:2305.10601},
  year      = {2023}
}

@book{katz2020introduction,
  author    = {Katz, Jonathan and Lindell, Yehuda},
  title     = {Introduction to Modern Cryptography},
  year      = {2020},
  edition   = {3rd},
  publisher = {CRC Press}
}

@article{diffie1976new,
  author    = {Diffie, Whitfield and Hellman, Martin E.},
  title     = {New Directions in Cryptography},
  journal   = {IEEE Transactions on Information Theory},
  year      = {1976},
  volume    = {22},
  number    = {6},
  pages     = {644--654}
}

@misc{nakamoto2008bitcoin,
  author    = {Nakamoto, Satoshi},
  title     = {Bitcoin: A Peer-to-Peer Electronic Cash System},
  year      = {2008},
  howpublished = {\url{https://bitcoin.org/bitcoin.pdf}}
}

@article{haber1991digital,
  author    = {Haber, Stuart and Stornetta, W. Scott},
  title     = {How to time-stamp a digital document},
  journal   = {Journal of Cryptology},
  year      = {1991},
  volume    = {3},
  number    = {2},
  pages     = {99--111}
}

@book{huth2004logic,
  author    = {Huth, Michael and Ryan, Mark},
  title     = {Logic in Computer Science: Modelling and Reasoning about Systems},
  year      = {2004},
  edition   = {2nd},
  publisher = {Cambridge University Press}
}

@article{weidinger2021ethical,
  author    = {Weidinger, Laura and Mellor, John and Rauh, Maribeth and Griffin, Conor and Uesato, Jonathan and Huang, Po-Sen and Cheng, Myra and Glaese, Mia and Balle, Borja and Kasirzadeh, Atoosa and Kenton, Zachary and Brown, Sebastian and Hawkins, Will and Stepleton, Thomas andcourt, Courtney and Birhane, Abeba and Hendricks, Lisa Anne and Gabriel, Iason},
  title     = {Ethical and social risks of harm from Language Models},
  journal   = {arXiv preprint arXiv:2112.04359},
  year      = {2021}
}

@article{bender2021dangers,
  author    = {Bender, Emily M. and Gebru, Timnit and McMillan-Major, Angelina and Shmitchell, Shmargaret},
  title     = {On the Dangers of Stochastic Parrots: Can Language Models Be Too Big?},
  booktitle = {Proceedings of the 2021 ACM Conference on Fairness, Accountability, and Transparency (FAccT '21)},
  year      = {2021},
  pages     = {610--623},
  doi       = {10.1145/3442188.3445922}
}

@article{wilkinson2016fair,
  author    = {Wilkinson, Mark D. and Dumontier, Michel and Aalbersberg, IJsbrand Jan and Appleton, Gabrielle and Axton, Myles and Baak, Arie and Blomberg, Niklas and Boiten, Jan-Willem and da Silva Santos, Luiz Bonino and Bourne, Philip E. and Bouwman, Jildau and Brookes, Anthony J. and Clark, Tim and Crosas, Merc{\`e} and Dillo, Ingrid and Dumon, Olivier and Edmunds, Scott and Evelo, Chris T. and Finkers, Richard and Gonzalez-Beltran, Alejandra and Gray, Alasdair J. G. and Groth, Paul and Goble, Carole and Grethe, Jeffrey S. and Heringa, Jaap and 't Hoen, Peter A. C. and Hooft, Rob and Kuhn, Tobias and Kok, Ruben and Kok, Joost and Lusher, Scott J. and Martone, Maryann E. and Mons, Albert and Packer, Abel L. and Persson, Bengt and Rocca-Serra, Philippe and Roos, Marco and van Schaik, Rene and Sansone, Susanna-Assunta and Schultes, Erik and Sengstag, Thierry and Slater, Ted and Strawn, George and Swertz, Morris A. and Thompson, Mark and van der Lei, Johan and van Mulligen, Erik and Velterop, Jan and Waagmeester, Andra and Wittenburg, Peter and Wolstencroft, Katherine and Zhao, Jun and Mons, Barend},
  title     = {The {FAIR} Guiding Principles for scientific data management and stewardship},
  journal   = {Scientific Data},
  year      = {2016},
  volume    = {3},
  articleno = {160018},
  doi       = {10.1038/sdata.2016.18}
}

@article{voigt2017eu,
  author    = {Voigt, Paul and Von dem Bussche, Axel},
  title     = {The {EU} General Data Protection Regulation ({GDPR})},
  journal   = {A Practical Guide, 1st Ed., Springer International Publishing},
  year      = {2017}
}

@misc{usdhhs2013hipaa,
  author    = {{U.S. Department of Health \& Human Services}},
  title     = {Summary of the {HIPAA} Security Rule},
  year      = {2013},
  howpublished = {\url{https://www.hhs.gov/hipaa/for-professionals/security/laws-regulations/index.html}}
}

@book{brown2020software,
  author    = {Brown, Simon},
  title     = {Software Architecture for Developers Volume 2: Visualise, document and explore your software architecture},
  year      = {2020},
  publisher = {Leanpub}
} 