@misc{akyurek2025TTT,
    title={The Surprising Effectiveness of Test-Time Training for Few-Shot Learning}, 
    author={Ekin Akyürek and Mehul Damani and Adam Zweiger and Linlu Qiu and Han Guo and Jyothish Pari and Yoon Kim and Jacob Andreas},
    year={2025},
    eprint={2411.07279},
    archivePrefix={arXiv},
    primaryClass={cs.AI},
    url={https://arxiv.org/abs/2411.07279}, 
}

@misc{sun2024TTT,
    title={Learning to (Learn at Test Time)}, 
    author={Yu Sun and Xinhao Li and Karan Dalal and Chloe Hsu and Sanmi Koyejo and Carlos Guestrin and Xiaolong Wang and Tatsunori Hashimoto and Xinlei Chen},
    year={2024},
    eprint={2310.13807},
    archivePrefix={arXiv},
    primaryClass={cs.LG},
    url={https://arxiv.org/abs/2310.13807}, 
}

@misc{deepseekai2025r1,
    title={DeepSeek-{R}1: {I}ncentivizing Reasoning Capability in {LLM}s via Reinforcement Learning}, 
    author={{DeepSeek-AI}},
    year={2025},
    eprint={2501.12948},
    archivePrefix={arXiv},
    primaryClass={cs.CL},
    url={https://arxiv.org/abs/2501.12948}, 
}

@inproceedings{bucila2006distill,
    author = {Bucilǎ, Cristian and Caruana, Rich and Niculescu-Mizil, Alexandru},
    title = {Model compression},
    year = {2006},
    publisher = {Association for Computing Machinery},
    url = {https://doi.org/10.1145/1150402.1150464},
    booktitle = {Proceedings of the 12th ACM SIGKDD International Conference on Knowledge Discovery and Data Mining},
    keywords = {supervised learning, model compression},
    series = {KDD '06}
}

@misc{hinton2015distill,
    title={Distilling the Knowledge in a Neural Network}, 
    author={Geoffrey Hinton and Oriol Vinyals and Jeff Dean},
    year={2015},
    eprint={1503.02531},
    archivePrefix={arXiv},
    primaryClass={stat.ML},
    url={https://arxiv.org/abs/1503.02531}, 
}

@inproceedings{merrill2023expressive,
    title={The Expressive Power of Transformers with Chain of Thought},
    author={William Merrill and Ashish Sabharwal},
    booktitle={The Twelfth International Conference on Learning Representations},
    year={2024},
    url={https://openreview.net/forum?id=NjNGlPh8Wh}
}

@inproceedings{yang2025synthetic,
    title={Synthetic continued pretraining},
    author={Zitong Yang and Neil Band and Shuangping Li and Emmanuel Candes and Tatsunori Hashimoto},
    booktitle={The Thirteenth International Conference on Learning Representations},
    year={2025},
    url={https://openreview.net/forum?id=07yvxWDSla}
}

@misc{chollet2024arc,
    title={{ARC} Prize 2024: Technical Report}, 
    author={Francois Chollet and Mike Knoop and Gregory Kamradt and Bryan Landers},
    year={2025},
    eprint={2412.04604},
    archivePrefix={arXiv},
    primaryClass={cs.AI},
    url={https://arxiv.org/abs/2412.04604}, 
}

@inproceedings{hu2022lora,
    title={Lo{RA}: {L}ow-Rank Adaptation of Large Language Models},
    author={Edward J Hu and yelong shen and Phillip Wallis and Zeyuan Allen-Zhu and Yuanzhi Li and Shean Wang and Lu Wang and Weizhu Chen},
    booktitle={The Tenth International Conference on Learning Representations},
    year={2022},
    url={https://openreview.net/forum?id=nZeVKeeFYf9}
}

@inproceedings{brown2020language,
    author = {Tom B. Brown and
    Benjamin Mann and
    Nick Ryder and
    Melanie Subbiah and
    Jared Kaplan and
    Prafulla Dhariwal and
    Arvind Neelakantan and
    Pranav Shyam and
    Girish Sastry and
    Amanda Askell and
    Sandhini Agarwal and
    Ariel Herbert{-}Voss and
    Gretchen Krueger and
    Tom Henighan and
    Rewon Child and
    Aditya Ramesh and
    Daniel M. Ziegler and
    Jeffrey Wu and
    Clemens Winter and
    Christopher Hesse and
    Mark Chen and
    Eric Sigler and
    Mateusz Litwin and
    Scott Gray and
    Benjamin Chess and
    Jack Clark and
    Christopher Berner and
    Sam McCandlish and
    Alec Radford and
    Ilya Sutskever and
    Dario Amodei},
    bibsource = {dblp computer science bibliography, https://dblp.org},
    biburl = {https://dblp.org/rec/conf/nips/BrownMRSKDNSSAA20.bib},
    booktitle = {Advances in Neural Information Processing Systems},
    title = {Language Models are Few-Shot Learners},
    url = {https://proceedings.neurips.cc/paper/2020/hash/1457c0d6bfcb4967418bfb8ac142f64a-Abstract.html},
    year = {2020}
}

@misc{touvron2023llama,
    title={LLaMA: Open and Efficient Foundation Language Models}, 
    author={Hugo Touvron and Thibaut Lavril and Gautier Izacard and Xavier Martinet and Marie-Anne Lachaux and Timothée Lacroix and Baptiste Rozière and Naman Goyal and Eric Hambro and Faisal Azhar and Aurelien Rodriguez and Armand Joulin and Edouard Grave and Guillaume Lample},
    year={2023},
    eprint={2302.13971},
    archivePrefix={arXiv},
    primaryClass={cs.CL},
    url={https://arxiv.org/abs/2302.13971}, 
}
@inproceedings{gururangan2020finetune,
    title = "Don't Stop Pretraining: Adapt Language Models to Domains and Tasks",
    author = "Gururangan, Suchin  and
      Marasovi{\'c}, Ana  and
      Swayamdipta, Swabha  and
      Lo, Kyle  and
      Beltagy, Iz  and
      Downey, Doug  and
      Smith, Noah A.",
    editor = "Jurafsky, Dan  and
      Chai, Joyce  and
      Schluter, Natalie  and
      Tetreault, Joel",
    booktitle = "Proceedings of the 58th Annual Meeting of the Association for Computational Linguistics",
    year = "2020",
    publisher = "Association for Computational Linguistics",
    url = "https://aclanthology.org/2020.acl-main.740/",
}

@misc{zhu2021modifying,
    title={Modifying Memories in Transformer Models}, 
    author={Chen Zhu and Ankit Singh Rawat and Manzil Zaheer and Srinadh Bhojanapalli and Daliang Li and Felix Yu and Sanjiv Kumar},
    year={2020},
    eprint={2012.00363},
    archivePrefix={arXiv},
    primaryClass={cs.CL},
    url={https://arxiv.org/abs/2012.00363}, 
}

@misc{gunasekar2024textbooks,
    title={Textbooks Are All You Need},
    author={Suriya Gunasekar and Yi Zhang and Jyoti Aneja and Caio Cesar Teodoro Mendes and Allie Del Giorno and Sivakanth Gopi and Mojan Javaheripi and Piero Conti Kauffmann and Gustavo Henrique de Rosa and Olli Saarikivi and Adil Salim and Shital Shah and Harkirat Behl and Xin Wang and Sebastien Bubeck and Ronen Eldan and Adam Tauman Kalai and Yin Tat Lee and Yuanzhi Li},
    year={2024},
    url={https://openreview.net/forum?id=Fq8tKtjACC}
}

@inproceedings{madaan2023selfrefine,
    title={Self-Refine: Iterative Refinement with Self-Feedback},
    author={Aman Madaan and Niket Tandon and Prakhar Gupta and Skyler Hallinan and Luyu Gao and Sarah Wiegreffe and Uri Alon and Nouha Dziri and Shrimai Prabhumoye and Yiming Yang and Shashank Gupta and Bodhisattwa Prasad Majumder and Katherine Hermann and Sean Welleck and Amir Yazdanbakhsh and Peter Clark},
    booktitle={Thirty-seventh Conference on Neural Information Processing Systems},
    year={2023},
    url={https://openreview.net/forum?id=S37hOerQLB}
}

@inproceedings{sun2020test,
    author = {Yu Sun and
    Xiaolong Wang and
    Zhuang Liu and
    John Miller and
    Alexei A. Efros and
    Moritz Hardt},
    bibsource = {dblp computer science bibliography, https://dblp.org},
    biburl = {https://dblp.org/rec/conf/icml/SunWLMEH20.bib},
    booktitle = {Proceedings of the 37th International Conference on Machine Learning},
    publisher = {{PMLR}},
    timestamp = {Tue, 15 Dec 2020 00:00:00 +0100},
    title = {Test-Time Training with Self-Supervision for Generalization under
    Distribution Shifts},
    url = {http://proceedings.mlr.press/v119/sun20b.html},
    year = {2020}
}

@misc{chollet2019ARC,
    title={On the Measure of Intelligence}, 
    author={François Chollet},
    year={2019},
    eprint={1911.01547},
    archivePrefix={arXiv},
    primaryClass={cs.AI},
    url={https://arxiv.org/abs/1911.01547}, 
}

@misc{kool2019rloo,
    title={Buy 4 {REINFORCE} Samples, Get a Baseline for Free!},
    author={Wouter Kool and Herke van Hoof and Max Welling},
    year={2019},
    url={https://openreview.net/forum?id=r1lgTGL5DE}
}

@inproceedings{ahmadian2024rloo,
    title = "Back to Basics: Revisiting {REINFORCE}-Style Optimization for Learning from Human Feedback in {LLM}s",
    author = {Ahmadian, Arash  and
      Cremer, Chris  and
      Gall{\'e}, Matthias  and
      Fadaee, Marzieh  and
      Kreutzer, Julia  and
      Pietquin, Olivier  and
      {\"U}st{\"u}n, Ahmet  and
      Hooker, Sara},
    editor = "Ku, Lun-Wei  and
      Martins, Andre  and
      Srikumar, Vivek",
    booktitle = "Proceedings of the 62nd Annual Meeting of the Association for Computational Linguistics",
    year = "2024",
    publisher = "Association for Computational Linguistics",
    url = "https://aclanthology.org/2024.acl-long.662/",
}

@misc{yu2024distilling21,
    title={Distilling System 2 into System 1}, 
    author={Ping Yu and Jing Xu and Jason Weston and Ilia Kulikov},
    year={2024},
    eprint={2407.06023},
    archivePrefix={arXiv},
    primaryClass={cs.CL},
    url={https://arxiv.org/abs/2407.06023}, 
}

@inproceedings{ouyang2022rlhf,
    author = {Ouyang, Long and Wu, Jeffrey and Jiang, Xu and Almeida, Diogo and Wainwright, Carroll and Mishkin, Pamela and Zhang, Chong and Agarwal, Sandhini and Slama, Katarina and Ray, Alex and Schulman, John and Hilton, Jacob and Kelton, Fraser and Miller, Luke and Simens, Maddie and Askell, Amanda and Welinder, Peter and Christiano, Paul F and Leike, Jan and Lowe, Ryan},
    booktitle = {Advances in Neural Information Processing Systems},
    editor = {S. Koyejo and S. Mohamed and A. Agarwal and D. Belgrave and K. Cho and A. Oh},
    publisher = {Curran Associates, Inc.},
    title = {Training language models to follow instructions with human feedback},
    url = {https://proceedings.neurips.cc/paper_files/paper/2022/file/b1efde53be364a73914f58805a001731-Paper-Conference.pdf},
    year = {2022}
}

@InProceedings{finn2017maml,
    title = 	 {Model-Agnostic Meta-Learning for Fast Adaptation of Deep Networks},
    author =       {Chelsea Finn and Pieter Abbeel and Sergey Levine},
    booktitle = 	 {Proceedings of the 34th International Conference on Machine Learning},
    year = 	 {2017},
    editor = 	 {Precup, Doina and Teh, Yee Whye},
    series = 	 {Proceedings of Machine Learning Research},
    publisher =    {PMLR},
    pdf = 	 {http://proceedings.mlr.press/v70/finn17a/finn17a.pdf},
    url = 	 {https://proceedings.mlr.press/v70/finn17a.html},
}

@misc{schmidhuber1987meta,
    title = {Evolutionary Principles in Self-Referential Learning},
    author = {Jürgen Schmidhuber},
    year = {1987},
    url = {https://people.idsia.ch/~juergen/diploma1987ocr.pdf},
}

@misc{mecklenburg2024fact,
    title={Injecting New Knowledge into Large Language Models via Supervised Fine-Tuning}, 
    author={Nick Mecklenburg and Yiyou Lin and Xiaoxiao Li and Daniel Holstein and Leonardo Nunes and Sara Malvar and Bruno Silva and Ranveer Chandra and Vijay Aski and Pavan Kumar Reddy Yannam and Tolga Aktas and Todd Hendry},
    year={2024},
    eprint={2404.00213},
    archivePrefix={arXiv},
    primaryClass={cs.CL},
    url={https://arxiv.org/abs/2404.00213}, 
}

@inproceedings{gandelsman2022test,
    author = {Gandelsman, Yossi and Sun, Yu and Chen, Xinlei and Efros, Alexei},
    booktitle = {Advances in Neural Information Processing Systems},
    editor = {S. Koyejo and S. Mohamed and A. Agarwal and D. Belgrave and K. Cho and A. Oh},
    publisher = {Curran Associates, Inc.},
    title = {Test-Time Training with Masked Autoencoders},
    url = {https://proceedings.neurips.cc/paper_files/paper/2022/file/bcdec1c2d60f94a93b6e36f937aa0530-Paper-Conference.pdf},
    year = {2022}
}

@inproceedings{akyurek2022learning,
    title={What learning algorithm is in-context learning? Investigations with linear models},
    author={Ekin Aky{\"u}rek and Dale Schuurmans and Jacob Andreas and Tengyu Ma and Denny Zhou},
    booktitle={The Eleventh International Conference on Learning Representations },
    year={2023},
    url={https://openreview.net/forum?id=0g0X4H8yN4I}
}

@inproceedings{irie2022modern,
    title={A modern self-referential weight matrix that learns to modify itself},
    author={Irie, Kazuki and Schlag, Imanol and Csord{\'a}s, R{\'o}bert and Schmidhuber, J{\"u}rgen},
    booktitle={International Conference on Machine Learning},
    year={2022},
    organization={PMLR},
    url={https://proceedings.mlr.press/v162/irie22b.html}
}

@misc{irie2023automating,
    title={Automating Continual Learning},
    author={Kazuki Irie and R{\'o}bert Csord{\'a}s and J{\"u}rgen Schmidhuber},
    year={2024},
    url={https://openreview.net/forum?id=5twh6pM4SR}
}

@inproceedings{irie2023accelerating,
    title={Accelerating Neural Self-Improvement via Bootstrapping},
    author={Kazuki Irie and J{\"u}rgen Schmidhuber},
    booktitle={ICLR 2023 Workshop on Mathematical and Empirical Understanding of Foundation Models},
    year={2023},
    url={https://openreview.net/forum?id=SDwUYcyOCyP}
}

@misc{schmidhuber1992steps,
    title={Steps Towards `Self-Referential' Neural Learning: A Thought Experiment},
    author={Schmidhuber, Jurgen},
    year={1992},
    url={https://people.idsia.ch/~juergen/selfref1992.pdf}
}

@misc{eldan2023tinystories,
    title={Tiny{S}tories: {H}ow Small Can Language Models Be and Still Speak Coherent {E}nglish?}, 
    author={Ronen Eldan and Yuanzhi Li},
    year={2023},
    eprint={2305.07759},
    archivePrefix={arXiv},
    primaryClass={cs.CL},
    url={https://arxiv.org/abs/2305.07759}, 
}

@misc{zhao2025absolutezeroreinforcedselfplay,
    title={Absolute Zero: {R}einforced Self-play Reasoning with Zero Data}, 
    author={Andrew Zhao and Yiran Wu and Yang Yue and Tong Wu and Quentin Xu and Yang Yue and Matthieu Lin and Shenzhi Wang and Qingyun Wu and Zilong Zheng and Gao Huang},
    year={2025},
    eprint={2505.03335},
    archivePrefix={arXiv},
    primaryClass={cs.LG},
    url={https://arxiv.org/abs/2505.03335}, 
}

@inproceedings{zelikman2022starbootstrappingreasoningreasoning,
    author = {Zelikman, Eric and Wu, Yuhuai and Mu, Jesse and Goodman, Noah},
    booktitle = {Advances in Neural Information Processing Systems},
    editor = {S. Koyejo and S. Mohamed and A. Agarwal and D. Belgrave and K. Cho and A. Oh},
    publisher = {Curran Associates, Inc.},
    title = {{STaR}: {B}ootstrapping Reasoning With Reasoning},
    url = {https://proceedings.neurips.cc/paper_files/paper/2022/file/639a9a172c044fbb64175b5fad42e9a5-Paper-Conference.pdf},
    year = {2022}
}

@article{singh2023beyond,
    title={Beyond Human Data: {S}caling Self-Training for Problem-Solving with Language Models},
    author={Avi Singh and John D Co-Reyes and Rishabh Agarwal and Ankesh Anand and Piyush Patil and Xavier Garcia and Peter J Liu and James Harrison and Jaehoon Lee and Kelvin Xu and Aaron T Parisi and Abhishek Kumar and Alexander A Alemi and Alex Rizkowsky and Azade Nova and Ben Adlam and Bernd Bohnet and Gamaleldin Fathy Elsayed and Hanie Sedghi and Igor Mordatch and Isabelle Simpson and Izzeddin Gur and Jasper Snoek and Jeffrey Pennington and Jiri Hron and Kathleen Kenealy and Kevin Swersky and Kshiteej Mahajan and Laura A Culp and Lechao Xiao and Maxwell Bileschi and Noah Constant and Roman Novak and Rosanne Liu and Tris Warkentin and Yamini Bansal and Ethan Dyer and Behnam Neyshabur and Jascha Sohl-Dickstein and Noah Fiedel},
    journal={Transactions on Machine Learning Research},
    year={2024},
    url={https://openreview.net/forum?id=lNAyUngGFK},
}

@misc{duan2016rl,
    title={R{L}$^2$: {F}ast Reinforcement Learning via Slow Reinforcement Learning}, 
    author={Yan Duan and John Schulman and Xi Chen and Peter L. Bartlett and Ilya Sutskever and Pieter Abbeel},
    year={2016},
    eprint={1611.02779},
    archivePrefix={arXiv},
    primaryClass={cs.AI},
    url={https://arxiv.org/abs/1611.02779}, 
}

@misc{wang2016learning,
    title={Learning to reinforcement learn}, 
    author={Jane X Wang and Zeb Kurth-Nelson and Dhruva Tirumala and Hubert Soyer and Joel Z Leibo and Remi Munos and Charles Blundell and Dharshan Kumaran and Matt Botvinick},
    year={2017},
    eprint={1611.05763},
    archivePrefix={arXiv},
    primaryClass={cs.LG},
    url={https://arxiv.org/abs/1611.05763}, 
}

@inproceedings{frans2017meta,
    title={Meta learning shared hierarchies},
    author={Kevin Frans and Jonathan Ho and Xi Chen and Pieter Abbeel and John Schulman},
    booktitle={The Sixth International Conference on Learning Representations},
    year={2018},
    url={https://openreview.net/forum?id=SyX0IeWAW},
}

@inproceedings{gupta2018meta,
    author = {Gupta, Abhishek and Mendonca, Russell and Liu, YuXuan and Abbeel, Pieter and Levine, Sergey},
    booktitle = {Advances in Neural Information Processing Systems},
    editor = {S. Bengio and H. Wallach and H. Larochelle and K. Grauman and N. Cesa-Bianchi and R. Garnett},
    publisher = {Curran Associates, Inc.},
    title = {Meta-Reinforcement Learning of Structured Exploration Strategies},
    url = {https://proceedings.neurips.cc/paper_files/paper/2018/file/4de754248c196c85ee4fbdcee89179bd-Paper.pdf},
    year = {2018}
}

@inproceedings{akyurek2024deductive,
    title = "Deductive Closure Training of Language Models for Coherence, Accuracy, and Updatability",
    author = {Aky{\"u}rek, Afra Feyza  and
      Aky{\"u}rek, Ekin  and
      Choshen, Leshem  and
      Wijaya, Derry  and
      Andreas, Jacob},
    editor = "Ku, Lun-Wei  and
      Martins, Andre  and
      Srikumar, Vivek",
    booktitle = "Findings of the Association for Computational Linguistics",
    year = "2024",
    publisher = "Association for Computational Linguistics",
    url = "https://aclanthology.org/2024.findings-acl.584/",
}

@inproceedings{rajpurkar2016squad,
    title = "{SQ}u{AD}: 100,000+ Questions for Machine Comprehension of Text",
    author = "Rajpurkar, Pranav  and
      Zhang, Jian  and
      Lopyrev, Konstantin  and
      Liang, Percy",
    editor = "Su, Jian  and
      Duh, Kevin  and
      Carreras, Xavier",
    booktitle = "Proceedings of the 2016 Conference on Empirical Methods in Natural Language Processing",
    year = "2016",
    publisher = "Association for Computational Linguistics",
    url = "https://aclanthology.org/D16-1264/",
}

@inproceedings{maini2024rephrasingweb,
    title = "Rephrasing the Web: A Recipe for Compute and Data-Efficient Language Modeling",
    author = "Maini, Pratyush  and
      Seto, Skyler  and
      Bai, Richard  and
      Grangier, David  and
      Zhang, Yizhe  and
      Jaitly, Navdeep",
    editor = "Ku, Lun-Wei  and
      Martins, Andre  and
      Srikumar, Vivek",
    booktitle = "Proceedings of the 62nd Annual Meeting of the Association for Computational Linguistics",
    year = "2024",
    publisher = "Association for Computational Linguistics",
    url = "https://aclanthology.org/2024.acl-long.757/",
}

@inproceedings{gururangan2020cpt,
    title = "Don't Stop Pretraining: {A}dapt Language Models to Domains and Tasks",
    author = "Gururangan, Suchin  and
      Marasovi{\'c}, Ana  and
      Swayamdipta, Swabha  and
      Lo, Kyle  and
      Beltagy, Iz  and
      Downey, Doug  and
      Smith, Noah A.",
    editor = "Jurafsky, Dan  and
      Chai, Joyce  and
      Schluter, Natalie  and
      Tetreault, Joel",
    booktitle = "Proceedings of the 58th Annual Meeting of the Association for Computational Linguistics",
    year = "2020",
    publisher = "Association for Computational Linguistics",
    url = "https://aclanthology.org/2020.acl-main.740/",
}

@inproceedings{gandhi2024bettersyntheticdataretrieving,
    title = "Better Synthetic Data by Retrieving and Transforming Existing Datasets",
    author = "Gandhi, Saumya  and
      Gala, Ritu  and
      Viswanathan, Vijay  and
      Wu, Tongshuang  and
      Neubig, Graham",
    editor = "Ku, Lun-Wei  and
      Martins, Andre  and
      Srikumar, Vivek",
    booktitle = "Findings of the Association for Computational Linguistics",
    year = "2024",
    publisher = "Association for Computational Linguistics",
    url = "https://aclanthology.org/2024.findings-acl.385/",
}

@inproceedings{huang2023selfimprove,
    title = "Large Language Models Can Self-Improve",
    author = "Huang, Jiaxin  and
      Gu, Shixiang  and
      Hou, Le  and
      Wu, Yuexin  and
      Wang, Xuezhi  and
      Yu, Hongkun  and
      Han, Jiawei",
    editor = "Bouamor, Houda  and
      Pino, Juan  and
      Bali, Kalika",
    booktitle = "Proceedings of the 2023 Conference on Empirical Methods in Natural Language Processing",
    year = "2023",
    publisher = "Association for Computational Linguistics",
    url = "https://aclanthology.org/2023.emnlp-main.67/",
}

@inproceedings{wang2023selfinstructaligninglanguagemodels,
    title = "Self-{I}nstruct: {A}ligning Language Models with Self-Generated Instructions",
    author = "Wang, Yizhong  and
      Kordi, Yeganeh  and
      Mishra, Swaroop  and
      Liu, Alisa  and
      Smith, Noah A.  and
      Khashabi, Daniel  and
      Hajishirzi, Hannaneh",
    editor = "Rogers, Anna  and
      Boyd-Graber, Jordan  and
      Okazaki, Naoaki",
    booktitle = "Proceedings of the 61st Annual Meeting of the Association for Computational Linguistics",
    year = "2023",
    publisher = "Association for Computational Linguistics",
    url = "https://aclanthology.org/2023.acl-long.754/",
}

@misc{peng2023instructiontuninggpt4,
    title={Instruction Tuning with {GPT}-4}, 
    author={Baolin Peng and Chunyuan Li and Pengcheng He and Michel Galley and Jianfeng Gao},
    year={2023},
    eprint={2304.03277},
    archivePrefix={arXiv},
    primaryClass={cs.CL},
    url={https://arxiv.org/abs/2304.03277}, 
}

@misc{park2025textitnewnewssystem2finetuning,
    title={$\textit{New News}$: System-2 Fine-tuning for Robust Integration of New Knowledge}, 
    author={Core Francisco Park and Zechen Zhang and Hidenori Tanaka},
    year={2025},
    eprint={2505.01812},
    archivePrefix={arXiv},
    primaryClass={cs.CL},
    url={https://arxiv.org/abs/2505.01812}, 
}

@inproceedings{meng2022locating,
    author = {Meng, Kevin and Bau, David and Andonian, Alex and Belinkov, Yonatan},
    booktitle = {Advances in Neural Information Processing Systems},
    editor = {S. Koyejo and S. Mohamed and A. Agarwal and D. Belgrave and K. Cho and A. Oh},
    publisher = {Curran Associates, Inc.},
    title = {Locating and Editing Factual Associations in {GPT}},
    url = {https://proceedings.neurips.cc/paper_files/paper/2022/file/6f1d43d5a82a37e89b0665b33bf3a182-Paper-Conference.pdf},
    year = {2022}
}

@inproceedings{mitchell2022fastmodeleditingscale,
    title={Fast Model Editing at Scale},
    author={Eric Mitchell and Charles Lin and Antoine Bosselut and Chelsea Finn and Christopher D Manning},
    booktitle={The Tenth International Conference on Learning Representations},
    year={2022},
    url={https://openreview.net/forum?id=0DcZxeWfOPt}
}

@inproceedings{meng2023masseditingmemorytransformer,
    title={Mass-Editing Memory in a Transformer},
    author={Kevin Meng and Arnab Sen Sharma and Alex J Andonian and Yonatan Belinkov and David Bau},
    booktitle={The Eleventh International Conference on Learning Representations },
    year={2023},
    url={https://openreview.net/forum?id=MkbcAHIYgyS}
}

@misc{tang2023doessyntheticdatageneration,
    title={Does Synthetic Data Generation of {LLM}s Help Clinical Text Mining?}, 
    author={Ruixiang Tang and Xiaotian Han and Xiaoqian Jiang and Xia Hu},
    year={2023},
    eprint={2303.04360},
    archivePrefix={arXiv},
    primaryClass={cs.CL},
    url={https://arxiv.org/abs/2303.04360}, 
}

@InProceedings{hochreiter2001learning,
    author="Hochreiter, Sepp
    and Younger, A. Steven
    and Conwell, Peter R.",
    editor="Dorffner, Georg
    and Bischof, Horst
    and Hornik, Kurt",
    title="Learning to Learn Using Gradient Descent",
    booktitle="ICANN",
    year="2001",
    publisher="Springer Berlin Heidelberg",
    url="https://link.springer.com/chapter/10.1007/3-540-44668-0_13",
}

@inproceedings{flennerhag2021bootstrapped,
    title={Bootstrapped Meta-Learning},
    author={Sebastian Flennerhag and Yannick Schroecker and Tom Zahavy and Hado van Hasselt and David Silver and Satinder Singh},
    booktitle={The Tenth International Conference on Learning Representations},
    year={2022},
    url={https://openreview.net/forum?id=b-ny3x071E5}
}

@misc{mecklenburg2024injectingnewknowledgelarge,
    title={Injecting New Knowledge into Large Language Models via Supervised Fine-Tuning}, 
    author={Nick Mecklenburg and Yiyou Lin and Xiaoxiao Li and Daniel Holstein and Leonardo Nunes and Sara Malvar and Bruno Silva and Ranveer Chandra and Vijay Aski and Pavan Kumar Reddy Yannam and Tolga Aktas and Todd Hendry},
    year={2024},
    eprint={2404.00213},
    archivePrefix={arXiv},
    primaryClass={cs.CL},
    url={https://arxiv.org/abs/2404.00213}, 
}

@inproceedings{goodfellow2015catastrophicforgetting,
    title={An Empirical Investigation of Catastrophic Forgetting in Gradient-Based Neural Networks},
    author={Ian J. Goodfellow and Mehdi Mirza and Da Xiao and Aaron Courville and Yoshua Bengio},
    booktitle={The Second International Conference on Learning Representations},
    year={2014},
    url={https://openreview.net/forum?id=oXSw7laxwUpln}
}

@misc{mccloskey1989catastrophicinterference,
    title = {Catastrophic Interference in Connectionist Networks: {T}he Sequential Learning Problem},
    editor = {Gordon H. Bower},
    series = {Psychology of Learning and Motivation},
    publisher = {Academic Press},
    year = {1989},
    url = {https://www.sciencedirect.com/science/article/pii/S0079742108605368},
    author = {Michael McCloskey and Neal J. Cohen},
}

@misc{lampinen2025generalizationlanguagemodelsincontext,
    title={On the generalization of language models from in-context learning and finetuning: a controlled study}, 
    author={Andrew K. Lampinen and Arslan Chaudhry and Stephanie C. Y. Chan and Cody Wild and Diane Wan and Alex Ku and Jörg Bornschein and Razvan Pascanu and Murray Shanahan and James L. McClelland},
    year={2025},
    eprint={2505.00661},
    archivePrefix={arXiv},
    primaryClass={cs.CL},
    url={https://arxiv.org/abs/2505.00661}, 
}

@misc{villalobos2024rundatalimitsllm,
    title={Will we run out of data? {L}imits of {LLM} scaling based on human-generated data}, 
    author={Pablo Villalobos and Anson Ho and Jaime Sevilla and Tamay Besiroglu and Lennart Heim and Marius Hobbhahn},
    year={2024},
    eprint={2211.04325},
    archivePrefix={arXiv},
    primaryClass={cs.LG},
    url={https://arxiv.org/abs/2211.04325}, 
}

@article{williams1992simple,
    title={Simple statistical gradient-following algorithms for connectionist reinforcement learning},
    author={Williams, Ronald J},
    journal={Machine learning},
    year={1992},
    publisher={Springer},
    url={https://link.springer.com/article/10.1007/BF00992696}
}

@misc{allenzhu2024physicslanguagemodels31,
    title={Physics of Language Models: {P}art 3.1, Knowledge Storage and Extraction}, 
    author={Zeyuan Allen-Zhu and Yuanzhi Li},
    year={2024},
    eprint={2309.14316},
    archivePrefix={arXiv},
    primaryClass={cs.CL},
    url={https://arxiv.org/abs/2309.14316}, 
}

@inproceedings{groeneveld2024olmo,
    title = "{OLM}o: {A}ccelerating the Science of Language Models",
    author = "Groeneveld, Dirk  and
      Beltagy, Iz  and
      Walsh, Evan  and
      Bhagia, Akshita  and
      Kinney, Rodney  and
      Tafjord, Oyvind  and
      Jha, Ananya  and
      Ivison, Hamish  and
      Magnusson, Ian  and
      Wang, Yizhong  and
      Arora, Shane  and
      Atkinson, David  and
      Authur, Russell  and
      Chandu, Khyathi  and
      Cohan, Arman  and
      Dumas, Jennifer  and
      Elazar, Yanai  and
      Gu, Yuling  and
      Hessel, Jack  and
      Khot, Tushar  and
      Merrill, William  and
      Morrison, Jacob  and
      Muennighoff, Niklas  and
      Naik, Aakanksha  and
      Nam, Crystal  and
      Peters, Matthew  and
      Pyatkin, Valentina  and
      Ravichander, Abhilasha  and
      Schwenk, Dustin  and
      Shah, Saurabh  and
      Smith, William  and
      Strubell, Emma  and
      Subramani, Nishant  and
      Wortsman, Mitchell  and
      Dasigi, Pradeep  and
      Lambert, Nathan  and
      Richardson, Kyle  and
      Zettlemoyer, Luke  and
      Dodge, Jesse  and
      Lo, Kyle  and
      Soldaini, Luca  and
      Smith, Noah  and
      Hajishirzi, Hannaneh",
    editor = "Ku, Lun-Wei  and
      Martins, Andre  and
      Srikumar, Vivek",
    booktitle = "Proceedings of the 62nd Annual Meeting of the Association for Computational Linguistics",
    year = "2024",
    publisher = "Association for Computational Linguistics",
    url = "https://aclanthology.org/2024.acl-long.841/",
}

@misc{qwen2025qwen25technicalreport,
    title={Qwen2.5 Technical Report}, 
    author={Qwen and An Yang and Baosong Yang and Beichen Zhang and Binyuan Hui and Bo Zheng and Bowen Yu and Chengyuan Li and Dayiheng Liu and Fei Huang and Haoran Wei and Huan Lin and Jian Yang and Jianhong Tu and Jianwei Zhang and Jianxin Yang and Jiaxi Yang and Jingren Zhou and Junyang Lin and Kai Dang and Keming Lu and Keqin Bao and Kexin Yang and Le Yu and Mei Li and Mingfeng Xue and Pei Zhang and Qin Zhu and Rui Men and Runji Lin and Tianhao Li and Tianyi Tang and Tingyu Xia and Xingzhang Ren and Xuancheng Ren and Yang Fan and Yang Su and Yichang Zhang and Yu Wan and Yuqiong Liu and Zeyu Cui and Zhenru Zhang and Zihan Qiu},
    year={2025},
    eprint={2412.15115},
    archivePrefix={arXiv},
    primaryClass={cs.CL},
    url={https://arxiv.org/abs/2412.15115}, 
}

@misc{wu2023autogenenablingnextgenllm,
    title={Auto{G}en: {E}nabling Next-Gen {LLM} Applications via Multi-Agent Conversation}, 
    author={Qingyun Wu and Gagan Bansal and Jieyu Zhang and Yiran Wu and Beibin Li and Erkang Zhu and Li Jiang and Xiaoyun Zhang and Shaokun Zhang and Jiale Liu and Ahmed Hassan Awadallah and Ryen W White and Doug Burger and Chi Wang},
    year={2023},
    eprint={2308.08155},
    archivePrefix={arXiv},
    primaryClass={cs.AI},
    url={https://arxiv.org/abs/2308.08155}, 
}

@misc{openai2024gpt4technicalreport,
    title={{GPT}-4 Technical Report}, 
    author={OpenAI and Josh Achiam and Steven Adler and Sandhini Agarwal and Lama Ahmad and Ilge Akkaya and Florencia Leoni Aleman and Diogo Almeida and Janko Altenschmidt and Sam Altman and others},
    year={2024},
    eprint={2303.08774},
    archivePrefix={arXiv},
    primaryClass={cs.CL},
    url={https://arxiv.org/abs/2303.08774}, 
}

@inproceedings{rasley2020deepspeed,
    author = {Rasley, Jeff and Rajbhandari, Samyam and Ruwase, Olatunji and He, Yuxiong},
    title = {Deep{S}peed: {S}ystem Optimizations Enable Training Deep Learning Models with Over 100 Billion Parameters},
    year = {2020},
    publisher = {Association for Computing Machinery},
    url = {https://doi.org/10.1145/3394486.3406703},
    booktitle = {Proceedings of the 26th ACM SIGKDD International Conference on Knowledge Discovery and Data Mining},
    keywords = {distributed deep learning, machine learning},
    series = {KDD '20}
}

@inproceedings{kwon2023efficient,
    title={Efficient Memory Management for Large Language Model Serving with {P}aged{A}ttention},
    author={Woosuk Kwon and Zhuohan Li and Siyuan Zhuang and Ying Sheng and Lianmin Zheng and Cody Hao Yu and Joseph E. Gonzalez and Hao Zhang and Ion Stoica},
    booktitle={Proceedings of the ACM SIGOPS 29th Symposium on Operating Systems Principles},
    year={2023},
    url={https://dl.acm.org/doi/10.1145/3600006.3613165}
}

@misc{grattafiori2024llama3herdmodels,
    title={The {L}lama 3 Herd of Models}, 
    author={Aaron Grattafiori and Abhimanyu Dubey and Abhinav Jauhri and Abhinav Pandey and Abhishek Kadian and Ahmad Al-Dahle and Aiesha Letman and Akhil Mathur and Alan Schelten and Alex Vaughan and others},
    year={2024},
    eprint={2407.21783},
    archivePrefix={arXiv},
    primaryClass={cs.AI},
    url={https://arxiv.org/abs/2407.21783}, 
}

@inproceedings{li2025combining,
    title={Combining Induction and Transduction for Abstract Reasoning},
    author={Wen-Ding Li and Keya Hu and Carter Larsen and Yuqing Wu and Simon Alford and Caleb Woo and Spencer M. Dunn and Hao Tang and Wei-Long Zheng and Yewen Pu and Kevin Ellis},
    booktitle={The Thirteenth International Conference on Learning Representations},
    year={2025},
    url={https://openreview.net/forum?id=UmdotAAVDe}
}

@misc{rozière2024codellamaopenfoundation,
    title={Code {L}lama: {O}pen Foundation Models for Code}, 
    author={Baptiste Rozière and Jonas Gehring and Fabian Gloeckle and Sten Sootla and Itai Gat and Xiaoqing Ellen Tan and Yossi Adi and Jingyu Liu and Romain Sauvestre and Tal Remez and Jérémy Rapin and Artyom Kozhevnikov and Ivan Evtimov and Joanna Bitton and Manish Bhatt and Cristian Canton Ferrer and Aaron Grattafiori and Wenhan Xiong and Alexandre Défossez and Jade Copet and Faisal Azhar and Hugo Touvron and Louis Martin and Nicolas Usunier and Thomas Scialom and Gabriel Synnaeve},
    year={2024},
    eprint={2308.12950},
    archivePrefix={arXiv},
    primaryClass={cs.CL},
    url={https://arxiv.org/abs/2308.12950}, 
}

@misc{chen2023meditron70bscalingmedicalpretraining,
    title={Medi{T}ron-70{B}: {S}caling Medical Pretraining for Large Language Models}, 
    author={Zeming Chen and Alejandro Hernández Cano and Angelika Romanou and Antoine Bonnet and Kyle Matoba and Francesco Salvi and Matteo Pagliardini and Simin Fan and Andreas Köpf and Amirkeivan Mohtashami and Alexandre Sallinen and Alireza Sakhaeirad and Vinitra Swamy and Igor Krawczuk and Deniz Bayazit and Axel Marmet and Syrielle Montariol and Mary-Anne Hartley and Martin Jaggi and Antoine Bosselut},
    year={2023},
    eprint={2311.16079},
    archivePrefix={arXiv},
    primaryClass={cs.CL},
    url={https://arxiv.org/abs/2311.16079}, 
}

@misc{colombo2024saullm7bpioneeringlargelanguage,
    title={Saul{LM}-7{B}: {A} pioneering Large Language Model for Law}, 
    author={Pierre Colombo and Telmo Pessoa Pires and Malik Boudiaf and Dominic Culver and Rui Melo and Caio Corro and Andre F. T. Martins and Fabrizio Esposito and Vera Lúcia Raposo and Sofia Morgado and Michael Desa},
    year={2024},
    eprint={2403.03883},
    archivePrefix={arXiv},
    primaryClass={cs.CL},
    url={https://arxiv.org/abs/2403.03883}, 
}

@inproceedings{wei2022finetuned,
    title={Finetuned Language Models are Zero-Shot Learners},
    author={Jason Wei and Maarten Bosma and Vincent Zhao and Kelvin Guu and Adams Wei Yu and Brian Lester and Nan Du and Andrew M. Dai and Quoc V Le},
    booktitle={International Conference on Learning Representations},
    year={2022},
    url={https://openreview.net/forum?id=gEZrGCozdqR}
}

@inproceedings{tan1993multiagent,
    author = {Tan, Ming},
    title = {Multi-agent reinforcement learning: independent versus cooperative agents},
    year = {1993},
    publisher = {Morgan Kaufmann Publishers Inc.},
    booktitle = {Proceedings of the Tenth International Conference on International Conference on Machine Learning},
    series = {ICML '93}
}

@InProceedings{lang2022cotraining,
    title = 	 {Co-training Improves Prompt-based Learning for Large Language Models},
    author =       {Lang, Hunter and Agrawal, Monica N and Kim, Yoon and Sontag, David},
    booktitle = 	 {Proceedings of the 39th International Conference on Machine Learning},
    year = 	 {2022},
    editor = 	 {Chaudhuri, Kamalika and Jegelka, Stefanie and Song, Le and Szepesvari, Csaba and Niu, Gang and Sabato, Sivan},
    series = 	 {Proceedings of Machine Learning Research},
    publisher =    {PMLR},
    pdf = 	 {https://proceedings.mlr.press/v162/lang22a/lang22a.pdf},
    url = 	 {https://proceedings.mlr.press/v162/lang22a.html},
}

@inproceedings{blum1998cotraining,
    author = {Blum, Avrim and Mitchell, Tom},
    title = {Combining labeled and unlabeled data with co-training},
    year = {1998},
    publisher = {Association for Computing Machinery},
    url = {https://doi.org/10.1145/279943.279962},
    booktitle = {Proceedings of the Eleventh Annual Conference on Computational Learning Theory},
    series = {COLT '98}
}

@inproceedings{fang2025alphaeditnullspaceconstrainedknowledge,
    title={Alpha{E}dit: {N}ull-Space Constrained Model Editing for Language Models},
    author={Junfeng Fang and Houcheng Jiang and Kun Wang and Yunshan Ma and Jie Shi and Xiang Wang and Xiangnan He and Tat-Seng Chua},
    booktitle={The Thirteenth International Conference on Learning Representations},
    year={2025},
    url={https://openreview.net/forum?id=HvSytvg3Jh}
}

@inproceedings{cheung2019superpositionmodels,
    author = {Cheung, Brian and Terekhov, Alexander and Chen, Yubei and Agrawal, Pulkit and Olshausen, Bruno},
    booktitle = {Advances in Neural Information Processing Systems},
    editor = {H. Wallach and H. Larochelle and A. Beygelzimer and F. d\textquotesingle Alch\'{e}-Buc and E. Fox and R. Garnett},
    publisher = {Curran Associates, Inc.},
    title = {Superposition of many models into one},
    url = {https://proceedings.neurips.cc/paper_files/paper/2019/file/4c7a167bb329bd92580a99ce422d6fa6-Paper.pdf},
    year = {2019}
}

@article{lin1992replay,
    author = {Lin, Long-Ji},
    title = {Self-Improving Reactive Agents Based on Reinforcement Learning, Planning and Teaching},
    year = {1992},
    issue_date = {May 1992},
    publisher = {Kluwer Academic Publishers},
    url = {https://doi.org/10.1007/BF00992699},
    journal = {Mach. Learn.},
    keywords = {Reinforcement learning, connectionist networks, planning, teaching}
}

@inproceedings{hu2023metalearningonlineadaptationlanguage,
    title = "Meta-Learning Online Adaptation of Language Models",
    author = "Hu, Nathan  and
      Mitchell, Eric  and
      Manning, Christopher  and
      Finn, Chelsea",
    editor = "Bouamor, Houda  and
      Pino, Juan  and
      Bali, Kalika",
    booktitle = "Proceedings of the 2023 Conference on Empirical Methods in Natural Language Processing",
    year = "2023",
    publisher = "Association for Computational Linguistics",
    url = "https://aclanthology.org/2023.emnlp-main.268/",
}

@misc{tan2023massive,
    title={Massive Editing for Large Language Models via Meta Learning}, 
    author={Chenmien Tan and Ge Zhang and Jie Fu},
    year={2024},
    eprint={2311.04661},
    archivePrefix={arXiv},
    primaryClass={cs.CL},
    url={https://arxiv.org/abs/2311.04661}, 
}

@misc{sun2025text,
    title={Transformer-{S}quared: {S}elf-adaptive {LLM}s}, 
    author={Qi Sun and Edoardo Cetin and Yujin Tang},
    year={2025},
    eprint={2501.06252},
    archivePrefix={arXiv},
    primaryClass={cs.LG},
    url={https://arxiv.org/abs/2501.06252}, 
}

@misc{prasad2024selfconsistencypreferenceoptimization,
    title={Self-Consistency Preference Optimization}, 
    author={Archiki Prasad and Weizhe Yuan and Richard Yuanzhe Pang and Jing Xu and Maryam Fazel-Zarandi and Mohit Bansal and Sainbayar Sukhbaatar and Jason Weston and Jane Yu},
    year={2024},
    eprint={2411.04109},
    archivePrefix={arXiv},
    primaryClass={cs.CL},
    url={https://arxiv.org/abs/2411.04109}, 
}

@inproceedings{huang2025self,
    title={Self-Improvement in Language Models: {T}he Sharpening Mechanism},
    author={Audrey Huang and Adam Block and Dylan J Foster and Dhruv Rohatgi and Cyril Zhang and Max Simchowitz and Jordan T. Ash and Akshay Krishnamurthy},
    booktitle={The Thirteenth International Conference on Learning Representations},
    year={2025},
    url={https://openreview.net/forum?id=WJaUkwci9o}
}

@misc{zuo2025ttrltesttimereinforcementlearning,
    title={{TTRL}: {T}est-Time Reinforcement Learning}, 
    author={Yuxin Zuo and Kaiyan Zhang and Li Sheng and Shang Qu and Ganqu Cui and Xuekai Zhu and Haozhan Li and Yuchen Zhang and Xinwei Long and Ermo Hua and Biqing Qi and Youbang Sun and Zhiyuan Ma and Lifan Yuan and Ning Ding and Bowen Zhou},
    year={2025},
    eprint={2504.16084},
    archivePrefix={arXiv},
    primaryClass={cs.CL},
    url={https://arxiv.org/abs/2504.16084}, 
}

@misc{zhang2025darwingodelmachineopenended,
    title={Darwin {G}odel Machine: {O}pen-Ended Evolution of Self-Improving Agents}, 
    author={Jenny Zhang and Shengran Hu and Cong Lu and Robert Lange and Jeff Clune},
    year={2025},
    eprint={2505.22954},
    archivePrefix={arXiv},
    primaryClass={cs.AI},
    url={https://arxiv.org/abs/2505.22954}, 
}

@misc{bai2022constitutionalaiharmlessnessai,
    title={Constitutional {AI}: {H}armlessness from {AI} Feedback}, 
    author={Yuntao Bai and Saurav Kadavath and Sandipan Kundu and Amanda Askell and Jackson Kernion and Andy Jones and Anna Chen and Anna Goldie and Azalia Mirhoseini and Cameron McKinnon and Carol Chen and Catherine Olsson and Christopher Olah and Danny Hernandez and Dawn Drain and Deep Ganguli and Dustin Li and Eli Tran-Johnson and Ethan Perez and Jamie Kerr and Jared Mueller and Jeffrey Ladish and Joshua Landau and Kamal Ndousse and Kamile Lukosuite and Liane Lovitt and Michael Sellitto and Nelson Elhage and Nicholas Schiefer and Noemi Mercado and Nova DasSarma and Robert Lasenby and Robin Larson and Sam Ringer and Scott Johnston and Shauna Kravec and Sheer El Showk and Stanislav Fort and Tamera Lanham and Timothy Telleen-Lawton and Tom Conerly and Tom Henighan and Tristan Hume and Samuel R. Bowman and Zac Hatfield-Dodds and Ben Mann and Dario Amodei and Nicholas Joseph and Sam McCandlish and Tom Brown and Jared Kaplan},
    year={2022},
    eprint={2212.08073},
    archivePrefix={arXiv},
    primaryClass={cs.CL},
    url={https://arxiv.org/abs/2212.08073}, 
}

@inproceedings{lee2024rlaif,
    author = {Lee, Harrison and Phatale, Samrat and Mansoor, Hassan and Mesnard, Thomas and Ferret, Johan and Lu, Kellie and Bishop, Colton and Hall, Ethan and Carbune, Victor and Rastogi, Abhinav and Prakash, Sushant},
    title = {{RLAIF} vs. {RLHF}: {S}caling reinforcement learning from human feedback with {AI} feedback},
    year = {2024},
    publisher = {JMLR.org},
    booktitle = {Proceedings of the 41st International Conference on Machine Learning},
    series = {ICML '24}
}

@inproceedings{pang2024selfimprove,
    title={Language Model Self-improvement by Reinforcement Learning Contemplation},
    author={Jing-Cheng Pang and Pengyuan Wang and Kaiyuan Li and Xiong-Hui Chen and Jiacheng Xu and Zongzhang Zhang and Yang Yu},
    booktitle={The Twelfth International Conference on Learning Representations},
    year={2024},
    url={https://openreview.net/forum?id=38E4yUbrgr}
}

@misc{yuan2025selfrewardinglanguagemodels,
    title={Self-Rewarding Language Models}, 
    author={Weizhe Yuan and Richard Yuanzhe Pang and Kyunghyun Cho and Xian Li and Sainbayar Sukhbaatar and Jing Xu and Jason Weston},
    year={2025},
    eprint={2401.10020},
    archivePrefix={arXiv},
    primaryClass={cs.CL},
    url={https://arxiv.org/abs/2401.10020}, 
}

@inproceedings{wang2025cream,
    title={{CREAM}: {C}onsistency Regularized Self-Rewarding Language Models},
    author={Zhaoyang Wang and Weilei He and Zhiyuan Liang and Xuchao Zhang and Chetan Bansal and Ying Wei and Weitong Zhang and Huaxiu Yao},
    booktitle={The Thirteenth International Conference on Learning Representations},
    year={2025},
    url={https://openreview.net/forum?id=Vf6RDObyEF}
}

@misc{shafayat2025largereasoningmodelsselftrain,
    title={Can Large Reasoning Models Self-Train?}, 
    author={Sheikh Shafayat and Fahim Tajwar and Ruslan Salakhutdinov and Jeff Schneider and Andrea Zanette},
    year={2025},
    eprint={2505.21444},
    archivePrefix={arXiv},
    primaryClass={cs.LG},
    url={https://arxiv.org/abs/2505.21444}, 
}

@inproceedings{song2025mind,
    title={Mind the Gap: {E}xamining the Self-Improvement Capabilities of Large Language Models},
    author={Yuda Song and Hanlin Zhang and Carson Eisenach and Sham M. Kakade and Dean Foster and Udaya Ghai},
    booktitle={The Thirteenth International Conference on Learning Representations},
    year={2025},
    url={https://openreview.net/forum?id=mtJSMcF3ek}
}

@misc{yuan2023scalingrelationshiplearningmathematical,
    title={Scaling Relationship on Learning Mathematical Reasoning with Large Language Models}, 
    author={Zheng Yuan and Hongyi Yuan and Chengpeng Li and Guanting Dong and Keming Lu and Chuanqi Tan and Chang Zhou and Jingren Zhou},
    year={2023},
    eprint={2308.01825},
    archivePrefix={arXiv},
    primaryClass={cs.CL},
    url={https://arxiv.org/abs/2308.01825}, 
}

@misc{schulman2017proximal,
    title={Proximal Policy Optimization Algorithms}, 
    author={John Schulman and Filip Wolski and Prafulla Dhariwal and Alec Radford and Oleg Klimov},
    year={2017},
    eprint={1707.06347},
    archivePrefix={arXiv},
    primaryClass={cs.LG},
    url={https://arxiv.org/abs/1707.06347}, 
}

@article{gilks1992rejectionsampling,
    URL = {http://www.jstor.org/stable/2347565},
    author = {W. R. Gilks and P. Wild},
    journal = {Journal of the Royal Statistical Society},
    publisher = {[Royal Statistical Society, Oxford University Press]},
    title = {Adaptive Rejection Sampling for Gibbs Sampling},
    year = {1992}
}

@misc{shao2024deepseekmath,
    title={{DeepSeekMath}: {P}ushing the Limits of Mathematical Reasoning in Open Language Models}, 
    author={Zhihong Shao and Peiyi Wang and Qihao Zhu and Runxin Xu and Junxiao Song and Xiao Bi and Haowei Zhang and Mingchuan Zhang and Y. K. Li and Y. Wu and Daya Guo},
    year={2024},
    eprint={2402.03300},
    archivePrefix={arXiv},
    primaryClass={cs.CL},
    url={https://arxiv.org/abs/2402.03300}, 
}

@misc{bai2022traininghelpfulharmlessassistant,
    title={Training a Helpful and Harmless Assistant with Reinforcement Learning from Human Feedback}, 
    author={Yuntao Bai and Andy Jones and Kamal Ndousse and Amanda Askell and Anna Chen and Nova DasSarma and Dawn Drain and Stanislav Fort and Deep Ganguli and Tom Henighan and Nicholas Joseph and Saurav Kadavath and Jackson Kernion and Tom Conerly and Sheer El-Showk and Nelson Elhage and Zac Hatfield-Dodds and Danny Hernandez and Tristan Hume and Scott Johnston and Shauna Kravec and Liane Lovitt and Neel Nanda and Catherine Olsson and Dario Amodei and Tom Brown and Jack Clark and Sam McCandlish and Chris Olah and Ben Mann and Jared Kaplan},
    year={2022},
    eprint={2204.05862},
    archivePrefix={arXiv},
    primaryClass={cs.CL},
    url={https://arxiv.org/abs/2204.05862}, 
}

@inproceedings{kumar2022preferofflinereinforcementlearning,
    title={When Should We Prefer Offline Reinforcement Learning Over Behavioral Cloning?}, 
    author={Aviral Kumar and Joey Hong and Anikait Singh and Sergey Levine},
    booktitle={The Tenth International Conference on Learning Representations},
    year={2022},
    url={https://openreview.net/forum?id=AP1MKT37rJ}
}

@inproceedings{hu2020learning,
    author = {Hu, Yujing and Wang, Weixun and Jia, Hangtian and Wang, Yixiang and Chen, Yingfeng and Hao, Jianye and Wu, Feng and Fan, Changjie},
    booktitle = {Advances in Neural Information Processing Systems},
    editor = {H. Larochelle and M. Ranzato and R. Hadsell and M.F. Balcan and H. Lin},
    publisher = {Curran Associates, Inc.},
    title = {Learning to Utilize Shaping Rewards: {A} New Approach of Reward Shaping},
    url = {https://proceedings.neurips.cc/paper_files/paper/2020/file/b710915795b9e9c02cf10d6d2bdb688c-Paper.pdf},
    year = {2020}
}

@misc{xie2023text2reward,
    title={{Text2Reward}: {R}eward Shaping with Language Models for Reinforcement Learning}, 
    author={Tianbao Xie and Siheng Zhao and Chen Henry Wu and Yitao Liu and Qian Luo and Victor Zhong and Yanchao Yang and Tao Yu},
    year={2024},
    eprint={2309.11489},
    archivePrefix={arXiv},
    primaryClass={cs.LG},
    url={https://arxiv.org/abs/2309.11489}, 
}

@misc{fu2025reward,
    title={Reward Shaping to Mitigate Reward Hacking in {RLHF}}, 
    author={Jiayi Fu and Xuandong Zhao and Chengyuan Yao and Heng Wang and Qi Han and Yanghua Xiao},
    year={2025},
    eprint={2502.18770},
    archivePrefix={arXiv},
    primaryClass={cs.LG},
    url={https://arxiv.org/abs/2502.18770}, 
}

@inproceedings{yehudai2024genie,
    title={Achieving Human Parity in Content-Grounded Datasets Generation},
    author={Asaf Yehudai and Boaz Carmeli and Yosi Mass and Ofir Arviv and Nathaniel Mills and Eyal Shnarch and Leshem Choshen},
    booktitle={The Twelfth International Conference on Learning Representations},
    year={2024},
    url={https://openreview.net/forum?id=RjYKTQ0L0W}
}

