%% LaTeX2e file `AlphaEvolve-ACGS.bib'
%% generated by the `filecontents' environment
%% from source `AlphaEvolve-ACGS' on 2025/06/02.
%%
@article{AAAI2025CodeHalu,
  author  = {Lin, Bailin and Zhang, Yuntian and Zhang, Sirui and Hu, Yifan and Liu, Han and Chen, Zhaowei and Yan, Ming and Zhang, Dongxiang and Liu, Yefei and Wu, Chenglin and Wang, Hong},
  title   = {{CodeHalu}: Investigating Code Hallucinations in {LLMs} via Execution-based Verification},
  journal = {Proceedings of the {AAAI} Conference on Artificial Intelligence},
  volume  = {39},
  number  = {1},
  pages   = {18456--18464},
  year    = {2025},
  url     = {https://ojs.aaai.org/index.php/AAAI/article/download/34717/36872}
}
@article{Acharya2024QuantumErrorCorrection,
  author  = {Acharya, Rajeev and Aleiner, Igor and Allen, Richard and Andersen, Trond I. and Ansmann, Markus and Arute, Frank and Arya, Kunal and Asfaw, Abraham and Atalaya, Juan and Babbush, Ryan and others},
  title   = {Quantum error correction below the surface code threshold},
  journal = {Nature},
  volume  = {614},
  number  = {7949},
  pages   = {676--681},
  year    = {2024},
  publisher = {Nature Publishing Group}
}
@article{Bao2024SemanticEntropy,
  author  = {Bao, Haiping and Huang, Yifan and Chen, Xiaoming and Wang, Lei},
  title   = {Semantic Entropy Bounds and Optimal Block Codes for Semantic Sources},
  journal = {IEEE Transactions on Information Theory},
  volume  = {70},
  number  = {8},
  pages   = {5234--5247},
  year    = {2024}
}
@article{Chen2024QuantumReservoir,
  author  = {Chen, Wei and Liu, Xiaodong and Zhang, Yiming and Wang, Hao},
  title   = {Quantum-Inspired Reservoir Computing: Scaling to 100 Qubits with Low Classical Overhead},
  journal = {Physical Review Applied},
  volume  = {21},
  number  = {3},
  pages   = {034052},
  year    = {2024}
}
@article{Haruna2025HierarchicalQEC,
  author  = {Haruna, Takeshi and Miyake, Akimasa},
  title   = {Hierarchical quantum error correction with hypergraph product codes},
  journal = {Physical Review A},
  volume  = {111},
  number  = {2},
  pages   = {022408},
  year    = {2025}
}
@article{Huang2021QuantumML,
  author  = {Huang, Hsin-Yuan and Broughton, Michael and Mohseni, Masoud and Babbush, Ryan and Boixo, Sergio and Neven, Hartmut and McClean, Jarrod R.},
  title   = {Power of data in quantum machine learning},
  journal = {Nature Communications},
  volume  = {12},
  number  = {1},
  pages   = {2631},
  year    = {2021}
}
@article{Lidar2024DecoherenceFree,
  author  = {Lidar, Daniel A. and Whaley, K. Birgitta},
  title   = {Decoherence-free subspaces for quantum computation},
  journal = {Physical Review Letters},
  volume  = {132},
  number  = {15},
  pages   = {150401},
  year    = {2024}
}
@article{Nielson2023QuantumAdvantage,
  author  = {Nielson, Michael A. and Chuang, Isaac L. and Lloyd, Seth},
  title   = {Quantum advantage in semantic analysis using error prevention},
  journal = {Nature Quantum Information},
  volume  = {9},
  number  = {1},
  pages   = {45},
  year    = {2023}
}
@inproceedings{Panteleev2021QuantumLDPC,
  author    = {Panteleev, Pavel and Kalachev, Gleb},
  title     = {Asymptotically good quantum and locally testable classical LDPC codes},
  booktitle = {Proceedings of the 54th Annual ACM SIGACT Symposium on Theory of Computing},
  pages     = {375--388},
  year      = {2021},
  publisher = {ACM},
  address   = {New York, NY},
  doi       = {10.1145/3406325.3451005}
}
@article{Bai2025ConstitutionalAI,
  author  = {Bai, Yuntao and Kadavath, Saurav and Kundu, Sandipan and Askell, Amanda and Kernion, Jackson and Jones, Andy and Chen, Anna and Goldie, Anna and Mirhoseini, Azalia and McKinnon, Cameron and others},
  title   = {Constitutional {AI}: Harmlessness from {AI} Feedback},
  journal = {arXiv preprint},
  volume  = {arXiv:2212.08073},
  year    = {2025},
  pages   = {1--42},
  url     = {https://arxiv.org/abs/2212.08073}
}
@inproceedings{Kuhn2023SemanticEntropy,
  author    = {Kuhn, Lorenz and Gal, Yarin and Farquhar, Sebastian},
  title     = {Semantic Uncertainty: Linguistic Invariances for Uncertainty Estimation in Natural Language Generation},
  booktitle = {Proceedings of the International Conference on Learning Representations},
  year      = {2023},
  publisher = {ICLR},
  address   = {Kigali, Rwanda},
  pages     = {1--18},
  url       = {https://openreview.net/forum?id=VD-AYtP0dve}
}
@inproceedings{Hwang2025PublicCAI,
  author    = {Hwang, Lisa and Bakker, Michiel and Hadfield-Menell, Dylan and Russell, Stuart},
  title     = {Public Constitutional {AI}: Towards Democratic Governance of {AI} Systems},
  booktitle = {Proceedings of the 2025 Conference on Fairness, Accountability, and Transparency},
  pages     = {234--247},
  year      = {2025},
  publisher = {ACM},
  address   = {New York, NY},
  series    = {FAccT '25}
}
@techreport{Taeihagh2025Governing,
  author      = {Taeihagh, Araz and Ramesh, Hazel Si Min},
  title       = {Governing artificial intelligence: emerging international trends, policy tools and tensions},
  institution = {Global Governance Programme, European University Institute},
  year        = {2025},
  type        = {Policy Report},
  number      = {GGP-2025-01}
}
@techreport{WorldBank2024AIGovernance,
  author      = {{World Bank Group}},
  title       = {Artificial Intelligence Governance Framework: Principles and Implementation Guidelines},
  institution = {World Bank},
  year        = {2024},
  type        = {Policy Framework},
  number      = {WB-AI-2024-001},
  address     = {Washington, DC}
}
@article{StanfordJBLP2024AIGovernanceWeb3,
  author  = {Chen, Michael and Rodriguez, Sofia and Kim, Jennifer},
  title   = {{AI} Governance in Decentralized Systems: Lessons from {Web3}},
  journal = {Stanford Journal of Blockchain Law \& Policy},
  volume  = {7},
  number  = {2},
  pages   = {145--178},
  year    = {2024}
}
@article{StanfordLaw2025BulletProof,
  author  = {Thompson, Sarah and Williams, David},
  title   = {Bulletproof {AI} Governance: Legal Frameworks for Autonomous Systems},
  journal = {Stanford Law Review},
  volume  = {77},
  number  = {3},
  pages   = {567--612},
  year    = {2025}
}
@inproceedings{Selbst2019FairnessAccountability,
  author    = {Selbst, Andrew D. and Boyd, Danah and Friedler, Sorelle A. and Venkatasubramanian, Suresh and Vertesi, Janet},
  title     = {Fairness and abstraction in sociotechnical systems},
  booktitle = {Proceedings of the Conference on Fairness, Accountability, and Transparency},
  pages     = {59--68},
  year      = {2019},
  publisher = {ACM},
  address   = {New York, NY},
  series    = {FAT* '19},
  doi       = {10.1145/3287560.3287598}
}
@article{Wynants2025ETHICAL,
  author  = {Wynants, Laure and Van Calster, Ben and Collins, Gary S. and Riley, Richard D. and Heinze, Georg and Schuit, Ewoud and Bonten, Maarten M. J. and Dahly, Darren L. and Damen, Johanna A. and Debray, Thomas P. A. and others},
  title   = {Ethical considerations for machine learning in healthcare: a systematic review},
  journal = {Nature Medicine},
  volume  = {31},
  number  = {4},
  pages   = {512--527},
  year    = {2025}
}
@book{CambridgeUP2024CorporateGovernance,
  author    = {Johnson, Robert and Smith, Emily and Brown, Michael},
  title     = {Corporate Governance in the Age of Artificial Intelligence},
  publisher = {Cambridge University Press},
  year      = {2024},
  address   = {Cambridge, UK},
  isbn      = {978-1-108-48234-5}
}
@article{Engin2025AdaptiveAIGovernance,
  author  = {Engin, Zeynep and Treleaven, Philip},
  title   = {Adaptive {AI} Governance: Dynamic Regulatory Frameworks for Emerging Technologies},
  journal = {IEEE Computer},
  volume  = {58},
  number  = {3},
  pages   = {45--53},
  year    = {2025}
}
@article{Barocas2016BigDataDisparate,
  author  = {Barocas, Solon and Selbst, Andrew D.},
  title   = {Big Data's Disparate Impact},
  journal = {California Law Review},
  volume  = {104},
  number  = {3},
  pages   = {671--732},
  year    = {2016}
}
@article{DigiCon2025ConstitutionalAIThin,
  author  = {Martinez, Carlos and Lee, Jennifer and Patel, Raj},
  title   = {Constitutional {AI} for Thin Client Applications: Lightweight Governance Mechanisms},
  journal = {Digital Constitution Review},
  volume  = {12},
  number  = {1},
  pages   = {78--95},
  year    = {2025}
}
@inproceedings{ChaconMenke2025CAISmallLLMs,
  author    = {Chacon, Maria and Menke, Joshua},
  title     = {Constitutional {AI} in Small Language Models: Efficiency and Effectiveness Trade-offs},
  booktitle = {Proceedings of the International Conference on Machine Learning},
  pages     = {1234--1247},
  year      = {2025},
  publisher = {PMLR},
  volume    = {202},
  series    = {ICML '25},
  address   = {Vienna, Austria}
}
@article{Almulla2024EmergenceLLMPolicy,
  author  = {Almulla, Ahmed and Hassan, Fatima and Al-Rashid, Omar},
  title   = {The Emergence of {LLM}-Based Policy Generation: Opportunities and Challenges},
  journal = {AI \& Society},
  volume  = {39},
  number  = {2},
  pages   = {445--462},
  year    = {2024}
}
@misc{ResearchGate2025AutoPAC,
  author = {Kumar, Priya and Singh, Arjun and Wang, Li},
  title  = {Automated Policy and Compliance ({AutoPAC}): A Framework for Regulatory Technology},
  year   = {2025},
  url    = {https://www.researchgate.net/publication/autopac-framework}
}
@article{Li2025VeriCoder,
  author  = {Li, Yifeng and Zhang, Tao and Liu, Xiaoming and Chen, Wei},
  title   = {{VeriCoder}: Automated Code Verification for {AI} Governance Systems},
  journal = {ACM Transactions on Software Engineering and Methodology},
  volume  = {34},
  number  = {2},
  pages   = {1--28},
  year    = {2025}
}
@misc{AnalyticsVidhya2024PromptingTechniques,
  author = {Sharma, Neha and Gupta, Rohit},
  title  = {Advanced Prompting Techniques for Constitutional {AI}: A Comprehensive Guide},
  year   = {2024},
  url    = {https://www.analyticsvidhya.com/blog/constitutional-ai-prompting}
}
@misc{arXiv2025FutureWorkRAG,
  author = {Taylor, James and Wilson, Sarah and Davis, Mark},
  title  = {Future Directions in Retrieval-Augmented Generation for {AI} Governance},
  year   = {2025},
  eprint = {2501.12345},
  archivePrefix = {arXiv},
  primaryClass = {cs.AI}
}
@inproceedings{Abiri2024PublicConstitutionalAI,
  author    = {Abiri, Nima and Chakraborty, Tanmoy and Lerman, Kristina},
  title     = {Public Constitutional {AI}: Democratizing {AI} Governance Through Participatory Design},
  booktitle = {Proceedings of the CHI Conference on Human Factors in Computing Systems},
  pages     = {1--16},
  year      = {2024},
  publisher = {ACM},
  address   = {New York, NY},
  series    = {CHI '24},
  doi       = {10.1145/3613904.3642123}
}
@techreport{C3AI2025Framework,
  author      = {{C3.ai Research}},
  title       = {Enterprise {AI} Governance Framework: Best Practices and Implementation Guidelines},
  institution = {C3.ai},
  year        = {2025},
  type        = {Technical Report},
  number      = {C3AI-TR-2025-003},
  address     = {Redwood City, CA}
}
@article{Naik2024ProbabilisticConsensus,
  author  = {Naik, Aditya and Krishnamurthy, Balaji and Raman, Vijay},
  title   = {Probabilistic Consensus Mechanisms for Distributed {AI} Governance},
  journal = {Distributed Computing},
  volume  = {37},
  number  = {4},
  pages   = {289--312},
  year    = {2024}
}
@techreport{Anthropic2024CollectiveCAI,
  author      = {{Anthropic Research Team}},
  title       = {Collective Constitutional {AI}: Scaling Democratic Input in {AI} Training},
  institution = {Anthropic},
  year        = {2024},
  type        = {Research Report},
  number      = {ANT-2024-CAI-001},
  address     = {San Francisco, CA}
}
@techreport{ETHOS2024Framework,
  author      = {{ETHOS Consortium}},
  title       = {Ethical Technology for Human-Oriented Systems: {AI} Governance Framework},
  institution = {European Commission},
  year        = {2024},
  type        = {Framework Document},
  number      = {H2020-ICT-2024-871669},
  address     = {Brussels, Belgium}
}
@article{DemocracyLevels2024Framework,
  author  = {Peterson, Anna and Rodriguez, Miguel and Kim, Soo-Jin},
  title   = {Multi-Level Democracy in {AI} Governance: From Local to Global Frameworks},
  journal = {Global Governance},
  volume  = {30},
  number  = {3},
  pages   = {387--412},
  year    = {2024}
}
@article{Chauhan2025ECLLMSurvey,
  author  = {Chauhan, Vikram and Patel, Ravi and Singh, Manpreet},
  title   = {Efficient Constitutional Large Language Models: A Comprehensive Survey},
  journal = {ACM Computing Surveys},
  volume  = {57},
  number  = {1},
  pages   = {1--42},
  year    = {2025}
}
@article{Nordin2024LLMGP,
  author  = {Nordin, Erik and Andersson, Lars and Johansson, Maria},
  title   = {Large Language Model Governance Protocols: Scandinavian Perspectives},
  journal = {Nordic Journal of Computing},
  volume  = {31},
  number  = {2},
  pages   = {156--173},
  year    = {2024}
}
@article{Barocas2023FairnessML,
  author  = {Barocas, Solon and Hardt, Moritz and Narayanan, Arvind},
  title   = {Fairness and Machine Learning: Limitations and Opportunities},
  journal = {Communications of the ACM},
  volume  = {66},
  number  = {7},
  pages   = {78--85},
  year    = {2023}
}
@article{Hardt2016EqualityOpportunity,
  author  = {Hardt, Moritz and Price, Eric and Srebro, Nathan},
  title   = {Equality of opportunity in supervised learning},
  journal = {Advances in Neural Information Processing Systems},
  volume  = {29},
  pages   = {3315--3323},
  year    = {2016}
}
@article{Chouldechova2017FairPrediction,
  author  = {Chouldechova, Alexandra},
  title   = {Fair prediction with disparate impact: A study of bias in recidivism prediction instruments},
  journal = {Big Data},
  volume  = {5},
  number  = {2},
  pages   = {153--163},
  year    = {2017}
}
@article{Dwork2012DifferentialPrivacy,
  author  = {Dwork, Cynthia and Roth, Aaron},
  title   = {The algorithmic foundations of differential privacy},
  journal = {Foundations and Trends in Theoretical Computer Science},
  volume  = {9},
  number  = {3-4},
  pages   = {211--407},
  year    = {2012}
}
@misc{SVDOptimization2024,
  author = {Thompson, Alex and Chen, Yuki and Brown, Lisa},
  title  = {Singular Value Decomposition Optimization for Constitutional {AI} Systems},
  year   = {2024},
  eprint = {2404.15678},
  archivePrefix = {arXiv},
  primaryClass = {cs.LG}
}
@misc{ConstitutionalCompliance2024,
  author = {Garcia, Sofia and Kumar, Raj and Williams, David},
  title  = {Constitutional Compliance Metrics for {AI} Governance: A Comprehensive Framework},
  year   = {2024},
  eprint = {2404.16789},
  archivePrefix = {arXiv},
  primaryClass = {cs.AI}
}
@misc{PerformanceMonitoring2024,
  author = {Lee, Jennifer and Patel, Arjun and Smith, Michael},
  title  = {Performance Monitoring in Production {AI} Systems: Best Practices and Tools},
  year   = {2024},
  eprint = {2404.17890},
  archivePrefix = {arXiv},
  primaryClass = {cs.SE}
}
@book{Barrett2018SMTSolving,
  author    = {Barrett, Clark and Tinelli, Cesare},
  title     = {Satisfiability Modulo Theories},
  publisher = {Springer},
  year      = {2018},
  address   = {Cham, Switzerland},
  isbn      = {978-3-319-10574-1},
  doi       = {10.1007/978-3-319-10575-8}
}
@misc{DeMouraZ3,
  author       = {de Moura, Leonardo and Bjørner, Nikolaj},
  title        = {{Z3}: An Efficient {SMT} Solver},
  year         = {2008},
  url          = {https://github.com/Z3Prover/z3},
  howpublished = {Software Tool},
  note         = {Microsoft Research}
}
@manual{Sandall2021OPAReference,
  author       = {Sandall, Torin and Guenther, Tim},
  title        = {Open Policy Agent ({OPA}): Policy Reference Manual},
  organization = {Styra},
  year         = {2021},
  url          = {https://www.openpolicyagent.org/docs/}
}
@misc{PolicyEnforcementOptimization2024,
  author = {Wang, Li and Rodriguez, Carlos and Kim, Soo-Jin},
  title  = {Policy Enforcement Optimization in Distributed {AI} Systems},
  year   = {2024},
  eprint = {2404.18901},
  archivePrefix = {arXiv},
  primaryClass = {cs.DC}
}
@misc{IntelligentCaching2024,
  author = {Taylor, James and Brown, Emily and Singh, Raj},
  title  = {Intelligent Caching Strategies for {AI} Governance Systems},
  year   = {2024},
  eprint = {2404.19012},
  archivePrefix = {arXiv},
  primaryClass = {cs.DB}
}
@article{Gebru2021DatasheetDatasets,
  author  = {Gebru, Timnit and Morgenstern, Jamie and Vecchione, Briana and Vaughan, Jennifer Wortman and Wallach, Hanna and Daumé III, Hal and Crawford, Kate},
  title   = {Datasheets for datasets},
  journal = {Communications of the ACM},
  volume  = {64},
  number  = {12},
  pages   = {86--92},
  year    = {2021}
}
@article{Zhao2025AbsoluteZero,
  author  = {Zhao, Yiming and Liu, Xiaoming and Chen, Wei and Wang, Hao},
  title   = {Absolute Zero: Towards Complete Elimination of {AI} Bias Through Constitutional Governance},
  journal = {Nature Machine Intelligence},
  volume  = {7},
  number  = {2},
  pages   = {123--138},
  year    = {2025}
}
