@article{wei2022chain,
  title={{Chain-of-thought prompting elicits reasoning in large language models}},
  author={Wei, Jason and Wang, Xuezhi and Schuurmans, Dale and Bosma, Maarten and Xia, Fei and Chi, Ed and Le, Quoc V and Zhou, Denny and others},
  journal={Advances in neural information processing systems},
  volume={35},
  pages={24824--24837},
  year={2022}
}

@article{shinn2023reflexion,
  title={{Reflexion: Language agents with verbal reinforcement learning}},
  author={Shinn, Noah and Cassano, Federico and Gopinath, Ashwin and Narasimhan, Karthik and Yao, Shunyu},
  journal={Advances in Neural Information Processing Systems},
  volume={36},
  pages={8634--8652},
  year={2023}
}

@article{bostrom2002a,
  edition = {Publisher's version},
  number = {},
  journal = {Journal of Evolution and Technology},
  pages = {},
  publisher = {Institute for Ethics and Emerging Technologies},
  school = {},
  title = {{Existential Risks}: analyzing human extinction scenarios and related hazards},
  volume = {9},
  author = {Bostrom, N},
  editor = {},
  year = {2002},
  series = {}
}

@article{yudkowsky2008artificial,
  title={{Artificial Intelligence} as a positive and negative factor in global risk},
  author={Yudkowsky, Eliezer and others},
  journal={Global catastrophic risks},
  volume={1},
  number={303},
  pages={184},
  year={2008}
}

@article{bai2022constitutional,
  title={Constitutional ai: Harmlessness from ai feedback},
  author={Bai, Yuntao and Kadavath, Saurav and Kundu, Sandipan and Askell, Amanda and Kernion, Jackson and Jones, Andy and Chen, Anna and Goldie, Anna and Mirhoseini, Azalia and McKinnon, Cameron and others},
  journal={arXiv preprint arXiv:2212.08073},
  year={2022}
}

@article{liang2023encouraging,
  title={{Encouraging divergent thinking in large language models through multi-agent debate}},
  author={Liang, Tian and He, Zhiwei and Jiao, Wenxiang and Wang, Xing and Wang, Yan and Wang, Rui and Yang, Yujiu and Shi, Shuming and Tu, Zhaopeng},
  journal={arXiv preprint arXiv:2305.19118},
  year={2023}
}

@inproceedings{zhu2024hot,
  title={{Hot or cold? adaptive temperature sampling for code generation with large language models}},
  author={Zhu, Yuqi and Li, Jia and Li, Ge and Zhao, YunFei and Jin, Zhi and Mei, Hong},
  booktitle={Proceedings of the AAAI Conference on Artificial Intelligence},
  volume={38},
  pages={437--445},
  year={2024}
}

@article{lewis2020retrieval,
  title={{Retrieval-augmented generation for knowledge-intensive nlp tasks}},
  author={Lewis, Patrick and Perez, Ethan and Piktus, Aleksandra and Petroni, Fabio and Karpukhin, Vladimir and Goyal, Naman and K{\"u}ttler, Heinrich and Lewis, Mike and Yih, Wen-tau and Rockt{\"a}schel, Tim and others},
  journal={Advances in neural information processing systems},
  volume={33},
  pages={9459--9474},
  year={2020}
}

@article{zhang2024aflow,
  title={{Aflow: Automating agentic workflow generation}},
  author={Zhang, Jiayi and Xiang, Jinyu and Yu, Zhaoyang and Teng, Fengwei and Chen, Xionghui and Chen, Jiaqi and Zhuge, Mingchen and Cheng, Xin and Hong, Sirui and Wang, Jinlin and others},
  journal={arXiv preprint arXiv:2410.10762},
  year={2024}
}

@article{lu2024intelligent,
  title={Intelligent go-explore: Standing on the shoulders of giant foundation models},
  author={Lu, Cong and Hu, Shengran and Clune, Jeff},
  journal={arXiv preprint arXiv:2405.15143},
  year={2024}
}

@article{klironomos2013epigenetic,
  title={{How epigenetic mutations can affect genetic evolution: model and mechanism}},
  author={Klironomos, Filippos D and Berg, Johannes and Collins, Sin{\'e}ad},
  journal={BioEssays},
  volume={35},
  number={6},
  pages={571--578},
  year={2013},
  publisher={Wiley Online Library}
}

@incollection{good1966speculations,
  title={{Speculations concerning the first ultraintelligent machine}},
  author={Good, Irving John},
  booktitle={Advances in computers},
  volume={6},
  pages={31--88},
  year={1966},
  publisher={Elsevier}
}

@inproceedings{kirsch2022self,
  title={{Self-referential meta learning}},
  author={Kirsch, Louis and Schmidhuber, J{\"u}rgen},
  booktitle={First Conference on Automated Machine Learning (Late-Breaking Workshop)},
  year={2022}
}

@phdthesis{schmidhuber1987evolutionary,
  title={{Evolutionary principles in self-referential learning, or on learning how to learn: the meta-meta-... hook}},
  author={Schmidhuber, J{\"u}rgen},
  year={1987},
  school={Technische Universit{\"a}t M{\"u}nchen}
}

@inproceedings{lu2023arbitrary,
  title={{Arbitrary order meta-learning with simple population-based evolution}},
  author={Lu, Chris and Towers, Sebastian and Foerster, Jakob},
  booktitle={Artificial Life Conference Proceedings 35},
  volume={2023},
  pages={67},
  year={2023},
  organization={MIT Press One Rogers Street, Cambridge, MA 02142-1209, USA journals-info~…}
}

@article{metz2021training,
  title={{Training learned optimizers with randomly initialized learned optimizers}},
  author={Metz, Luke and Freeman, C Daniel and Maheswaranathan, Niru and Sohl-Dickstein, Jascha},
  journal={arXiv preprint arXiv:2101.07367},
  year={2021}
}

@inproceedings{lange2023discovering,
  title={{Discovering evolution strategies via meta-black-box optimization}},
  author={Lange, Robert and Schaul, Tom and Chen, Yutian and Zahavy, Tom and Dalibard, Valentin and Lu, Chris and Singh, Satinder and Flennerhag, Sebastian},
  booktitle={Proceedings of the Companion Conference on Genetic and Evolutionary Computation},
  pages={29--30},
  year={2023}
}

@inproceedings{lange2024large,
  title={Large language models as evolution strategies},
  author={Lange, Robert and Tian, Yingtao and Tang, Yujin},
  booktitle={Proceedings of the Genetic and Evolutionary Computation Conference Companion},
  pages={579--582},
  year={2024}
}

@incollection{steunebrink2012towards,
  title={Towards an actual g{\"o}del machine implementation: A lesson in self-reflective systems},
  author={Steunebrink, Bas R and Schmidhuber, J{\~A}$1/4$rgen},
  booktitle={Theoretical Foundations of Artificial General Intelligence},
  pages={173--195},
  year={2012},
  publisher={Springer}
}

@article{hall2007self,
  title={{Self-improving AI: An analysis}},
  author={Hall, John Storrs},
  journal={Minds and Machines},
  volume={17},
  number={3},
  pages={249--259},
  year={2007},
  publisher={Springer}
}

@article{jaderberg2017population,
  title={{Population based training of neural networks}},
  author={Jaderberg, Max and Dalibard, Valentin and Osindero, Simon and Czarnecki, Wojciech M and Donahue, Jeff and Razavi, Ali and Vinyals, Oriol and Green, Tim and Dunning, Iain and Simonyan, Karen and others},
  journal={arXiv preprint arXiv:1711.09846},
  year={2017}
}

@incollection{schmidhuber2007godel,
  title={G{\"o}del machines: Fully self-referential optimal universal self-improvers},
  author={Schmidhuber, J{\"u}rgen},
  booktitle={Artificial general intelligence},
  pages={199--226},
  year={2007},
  publisher={Springer}
}

@incollection{lehman2023evolution,
  title={{Evolution through large models}},
  author={Lehman, Joel and Gordon, Jonathan and Jain, Shawn and Ndousse, Kamal and Yeh, Cathy and Stanley, Kenneth O},
  booktitle={Handbook of Evolutionary Machine Learning},
  pages={331--366},
  year={2023},
  publisher={Springer}
}

@inproceedings{
zhang2024omni,
title={{OMNI: Open-endedness via Models of human Notions of Interestingness}},
author={Jenny Zhang and Joel Lehman and Kenneth Stanley and Jeff Clune},
booktitle={The Twelfth International Conference on Learning Representations},
year={2024},
url={https://openreview.net/forum?id=AgM3MzT99c}
}

@inproceedings{faldor2025omni,
  title={{OMNI-EPIC: Open-endedness via Models of human Notions of Interestingness with Environments Programmed in Code}},
  author={Maxence Faldor and Jenny Zhang and Antoine Cully and Jeff Clune},
  booktitle={The Thirteenth International Conference on Learning Representations},
  year={2025},
  url={https://openreview.net/forum?id=Y1XkzMJpPd}
}

@book{stanley2015greatness,
  title={{Why greatness cannot be planned: The myth of the objective}},
  author={Stanley, Kenneth O and Lehman, Joel},
  year={2015},
  publisher={Springer}
}

@inproceedings{
hu2025automated,
title={{Automated Design of Agentic Systems}},
author={Shengran Hu and Cong Lu and Jeff Clune},
booktitle={The Thirteenth International Conference on Learning Representations},
year={2025},
url={https://openreview.net/forum?id=t9U3LW7JVX}
}

@inproceedings{
    jimenez2024swebench,
    title={{SWE-bench: Can Language Models Resolve Real-world Github Issues?}},
    author={Carlos E Jimenez and John Yang and Alexander Wettig and Shunyu Yao and Kexin Pei and Ofir Press and Karthik R Narasimhan},
    booktitle={The Twelfth International Conference on Learning Representations},
    year={2024},
    url={https://openreview.net/forum?id=VTF8yNQM66}
}

@misc{openai2024sweverified,
  author       = {{OpenAI}},
  title        = {Introducing SWE-bench Verified},
  howpublished = {\url{https://openai.com/index/introducing-swe-bench-verified/}},
  note         = {Accessed: 2025-04-16},
  year         = {2024},
  month        = aug
}

@misc{hobbhahn2025swebenchmini,
  author       = {Marius Hobbhahn},
  title        = {SWE-bench Verified Mini},
  howpublished = {\url{https://github.com/mariushobbhahn/SWEBench-verified-mini}},
  note         = {Accessed: 2025-04-16},
  year         = {2025},
  month        = apr
}

@misc{gauthier2024polyglot,
  author       = {{Paul Gauthier}},
  title        = {o1 tops aider’s new polyglot leaderboard},
  howpublished = {\url{https://aider.chat/2024/12/21/polyglot.html}},
  note         = {Accessed: 2025-04-16},
  year         = {2024},
  month        = dec
}

@misc{anthropic2024claude35sonnet,
  author        = {{Anthropic}},
  title         = "{Claude 3.5 Sonnet}",
  publisher     = {Anthropic},
  year          = {2024},
  month         = jun,
  day           = {20},
  howpublished  = {\url{https://www.anthropic.com/news/claude-3-5-sonnet}},
  note          = "[Accessed 17 April 2025]"
}

@inproceedings{wang2024openhands,
  title={{Openhands: An open platform for ai software developers as generalist agents}},
  author={Wang, Xingyao and Li, Boxuan and Song, Yufan and Xu, Frank F and Tang, Xiangru and Zhuge, Mingchen and Pan, Jiayi and Song, Yueqi and Li, Bowen and Singh, Jaskirat and others},
  booktitle={The Thirteenth International Conference on Learning Representations},
  year={2024}
}

@article{vaswani2017attention,
  title={{Attention is all you need}},
  author={Vaswani, Ashish and Shazeer, Noam and Parmar, Niki and Uszkoreit, Jakob and Jones, Llion and Gomez, Aidan N and Kaiser, {\L}ukasz and Polosukhin, Illia},
  journal={Advances in neural information processing systems},
  volume={30},
  year={2017}
}

@misc{rumelhart1985learning,
  title={{Learning internal representations by error propagation}},
  author={Rumelhart, David E and Hinton, Geoffrey E and Williams, Ronald J and others},
  year={1985},
  publisher={Institute for Cognitive Science, University of California, San Diego}
}

@inproceedings{bahdanau2015neural,
  title={{Neural machine translation by jointly learning to align and translate}},
  author={Bahdanau, Dzmitry and Cho, Kyung Hyun and Bengio, Yoshua},
  booktitle={International Conference on Learning Representations},
  year={2015}
}

@inproceedings{kim2017structured,
  title={{Structured Attention Networks}},
  author={Kim, Yoon and Denton, Carl and Hoang, Luong and Rush, Alexander M},
  booktitle={International Conference on Learning Representations},
  year={2017}
}

@inproceedings{parikh2016decomposable,
  title={{A Decomposable Attention Model for Natural Language Inference}},
  author={Parikh, Ankur and T{\"a}ckstr{\"o}m, Oscar and Das, Dipanjan and Uszkoreit, Jakob},
  booktitle={Proceedings of the 2016 Conference on Empirical Methods in Natural Language Processing},
  pages={2249--2255},
  year={2016}
}

@article{hopfield1982neural,
  title={{Neural networks and physical systems with emergent collective computational abilities.}},
  author={Hopfield, John J},
  journal={Proceedings of the national academy of sciences},
  volume={79},
  number={8},
  pages={2554--2558},
  year={1982}
}

@article{wang2019paired,
  title={{Paired open-ended trailblazer (poet): Endlessly generating increasingly complex and diverse learning environments and their solutions}},
  author={Wang, Rui and Lehman, Joel and Clune, Jeff and Stanley, Kenneth O},
  journal={arXiv preprint arXiv:1901.01753},
  year={2019}
}

@inproceedings{fernandopromptbreeder,
  title={{Promptbreeder: Self-Referential Self-Improvement via Prompt Evolution}},
  author={Fernando, Chrisantha and Banarse, Dylan Sunil and Michalewski, Henryk and Osindero, Simon and Rockt{\"a}schel, Tim},
  booktitle={Forty-first International Conference on Machine Learning},
  year={2024}
}

@incollection{dawkins2019evolution,
  title={{The evolution of evolvability}},
  author={Dawkins, Richard},
  booktitle={Artificial life},
  pages={201--220},
  year={2019},
  publisher={Routledge}
}

@article{gerhart2007theory,
  title={{The theory of facilitated variation}},
  author={Gerhart, John and Kirschner, Marc},
  journal={Proceedings of the National Academy of Sciences},
  volume={104},
  number={suppl\_1},
  pages={8582--8589},
  year={2007},
  publisher={National Academy of Sciences}
}

@article{hendrikse2007evolvability,
  title={{Evolvability as the proper focus of evolutionary developmental biology}},
  author={Hendrikse, Jesse Love and Parsons, Trish Elizabeth and Hallgr{\'\i}msson, Benedikt},
  journal={Evolution \& development},
  volume={9},
  number={4},
  pages={393--401},
  year={2007},
  publisher={Wiley Online Library}
}

@article{stanley2017open,
  title={{Open-endedness: The last grand challenge you’ve never heard of}},
  author={Stanley, Kenneth O and Lehman, Joel and Soros, Lisa},
  journal={While open-endedness could be a force for discovering intelligence, it could also be a component of AI itself},
  year={2017}
}

@article{stanley2019open,
  title={{Why open-endedness matters}},
  author={Stanley, Kenneth O},
  journal={Artificial life},
  volume={25},
  number={3},
  pages={232--235},
  year={2019},
  publisher={MIT Press One Rogers Street, Cambridge, MA 02142-1209, USA journals-info~…}
}

@article{clune2019ai,
  title={{AI-GAs: AI-generating algorithms, an alternate paradigm for producing general artificial intelligence}},
  author={Clune, Jeff},
  journal={arXiv preprint arXiv:1905.10985},
  year={2019}
}

@article{hughes2024open,
  title={{Open-endedness is essential for artificial superhuman intelligence}},
  author={Hughes, Edward and Dennis, Michael and Parker-Holder, Jack and Behbahani, Feryal and Mavalankar, Aditi and Shi, Yuge and Schaul, Tom and Rocktaschel, Tim},
  journal={arXiv preprint arXiv:2406.04268},
  year={2024}
}

@article{jiang2023general,
  title={{General intelligence requires rethinking exploration}},
  author={Jiang, Minqi and Rockt{\"a}schel, Tim and Grefenstette, Edward},
  journal={Royal Society Open Science},
  volume={10},
  number={6},
  pages={230539},
  year={2023},
  publisher={The Royal Society}
}

@article{lehman2025evolution,
  title={{Evolution and The Knightian Blindspot of Machine Learning}},
  author={Lehman, Joel and Meyerson, Elliot and El-Gaaly, Tarek and Stanley, Kenneth O and Ziyaee, Tarin},
  journal={arXiv preprint arXiv:2501.13075},
  year={2025}
}

@article{pugh2016quality,
  title={{Quality diversity: A new frontier for evolutionary computation}},
  author={Pugh, Justin K and Soros, Lisa B and Stanley, Kenneth O},
  journal={Frontiers in Robotics and AI},
  volume={3},
  pages={40},
  year={2016},
  publisher={Frontiers Media SA}
}

@incollection{chatzilygeroudis2021quality,
  title={{Quality-diversity optimization: a novel branch of stochastic optimization}},
  author={Chatzilygeroudis, Konstantinos and Cully, Antoine and Vassiliades, Vassilis and Mouret, Jean-Baptiste},
  booktitle={Black Box Optimization, Machine Learning, and No-Free Lunch Theorems},
  pages={109--135},
  year={2021},
  publisher={Springer}
}

@article{lehman2011novelty,
  title={{Novelty search and the problem with objectives}},
  author={Lehman, Joel and Stanley, Kenneth O},
  journal={Genetic programming theory and practice IX},
  pages={37--56},
  year={2011},
  publisher={Springer}
}

@article{mouret2015illuminating,
  title={{Illuminating search spaces by mapping elites}},
  author={Mouret, Jean-Baptiste and Clune, Jeff},
  journal={arXiv preprint arXiv:1504.04909},
  year={2015}
}

@article{ecoffet2019go,
  title={{Go-explore: a new approach for hard-exploration problems}},
  author={Ecoffet, Adrien and Huizinga, Joost and Lehman, Joel and Stanley, Kenneth O and Clune, Jeff},
  journal={arXiv preprint arXiv:1901.10995},
  year={2019}
}

@inproceedings{gallouedec2023cell,
  title={{Cell-free latent go-explore}},
  author={Gallou{\'e}dec, Quentin and Dellandr{\'e}a, Emmanuel},
  booktitle={International Conference on Machine Learning},
  pages={10571--10586},
  year={2023},
  organization={PMLR}
}

@inproceedings{schaul2015universal,
  title={{Universal value function approximators}},
  author={Schaul, Tom and Horgan, Daniel and Gregor, Karol and Silver, David},
  booktitle={International conference on machine learning},
  pages={1312--1320},
  year={2015},
  organization={PMLR}
}

@article{andrychowicz2017hindsight,
  title={{Hindsight experience replay}},
  author={Andrychowicz, Marcin and Wolski, Filip and Ray, Alex and Schneider, Jonas and Fong, Rachel and Welinder, Peter and McGrew, Bob and Tobin, Josh and Pieter Abbeel, OpenAI and Zaremba, Wojciech},
  journal={Advances in neural information processing systems},
  volume={30},
  year={2017}
}

@article{eysenbach2018diversity,
  title={{Diversity is all you need: Learning skills without a reward function}},
  author={Eysenbach, Benjamin and Gupta, Abhishek and Ibarz, Julian and Levine, Sergey},
  journal={arXiv preprint arXiv:1802.06070},
  year={2018}
}

@article{oudeyer2007intrinsic,
  title={{Intrinsic motivation systems for autonomous mental development}},
  author={Oudeyer, Pierre-Yves and Kaplan, Frdric and Hafner, Verena V},
  journal={IEEE transactions on evolutionary computation},
  volume={11},
  number={2},
  pages={265--286},
  year={2007},
  publisher={IEEE}
}

@article{schmidhuber2010formal,
  title={{Formal theory of creativity, fun, and intrinsic motivation (1990--2010)}},
  author={Schmidhuber, J{\"u}rgen},
  journal={IEEE transactions on autonomous mental development},
  volume={2},
  number={3},
  pages={230--247},
  year={2010},
  publisher={Ieee}
}

@inproceedings{pathak2017curiosity,
  title={{Curiosity-driven exploration by self-supervised prediction}},
  author={Pathak, Deepak and Agrawal, Pulkit and Efros, Alexei A and Darrell, Trevor},
  booktitle={International conference on machine learning},
  pages={2778--2787},
  year={2017},
  organization={PMLR}
}

@article{kanitscheider2021multi,
  title={{Multi-task curriculum learning in a complex, visual, hard-exploration domain: Minecraft}},
  author={Kanitscheider, Ingmar and Huizinga, Joost and Farhi, David and Guss, William Hebgen and Houghton, Brandon and Sampedro, Raul and Zhokhov, Peter and Baker, Bowen and Ecoffet, Adrien and Tang, Jie and Klimov, Oleg and Clune, Jeff},
  journal={arXiv preprint arXiv:2106.14876},
  year={2021}
}

@article{gaven2025magellan,
  title={{MAGELLAN: Metacognitive predictions of learning progress guide autotelic LLM agents in large goal spaces}},
  author={Gaven, Loris and Carta, Thomas and Romac, Cl{\'e}ment and Colas, C{\'e}dric and Lamprier, Sylvain and Sigaud, Olivier and Oudeyer, Pierre-Yves},
  journal={arXiv preprint arXiv:2502.07709},
  year={2025}
}

@article{baranes2013active,
  title={{Active learning of inverse models with intrinsically motivated goal exploration in robots}},
  author={Baranes, Adrien and Oudeyer, Pierre-Yves},
  journal={Robotics and Autonomous Systems},
  volume={61},
  number={1},
  pages={49--73},
  year={2013},
  publisher={Elsevier}
}

@inproceedings{colas2019curious,
  title={{Curious: intrinsically motivated modular multi-goal reinforcement learning}},
  author={Colas, C{\'e}dric and Fournier, Pierre and Chetouani, Mohamed and Sigaud, Olivier and Oudeyer, Pierre-Yves},
  booktitle={International conference on machine learning},
  pages={1331--1340},
  year={2019},
  organization={PMLR}
}

@article{colas2022autotelic,
  title={{Autotelic agents with intrinsically motivated goal-conditioned reinforcement learning: a short survey}},
  author={Colas, C{\'e}dric and Karch, Tristan and Sigaud, Olivier and Oudeyer, Pierre-Yves},
  journal={Journal of Artificial Intelligence Research},
  volume={74},
  pages={1159--1199},
  year={2022}
}

@inproceedings{jiang2021prioritized,
  title={{Prioritized level replay}},
  author={Jiang, Minqi and Grefenstette, Edward and Rockt{\"a}schel, Tim},
  booktitle={International Conference on Machine Learning},
  pages={4940--4950},
  year={2021},
  organization={PMLR}
}

@article{dennis2020emergent,
  title={{Emergent complexity and zero-shot transfer via unsupervised environment design}},
  author={Dennis, Michael and Jaques, Natasha and Vinitsky, Eugene and Bayen, Alexandre and Russell, Stuart and Critch, Andrew and Levine, Sergey},
  journal={Advances in neural information processing systems},
  volume={33},
  pages={13049--13061},
  year={2020}
}

@article{sancaktar2025sensei,
  title={{SENSEI: Semantic Exploration Guided by Foundation Models to Learn Versatile World Models}},
  author={Sancaktar, Cansu and Gumbsch, Christian and Zadaianchuk, Andrii and Kolev, Pavel and Martius, Georg},
  journal={arXiv preprint arXiv:2503.01584},
  year={2025}
}

@inproceedings{colas2023augmenting,
  title={{Augmenting autotelic agents with large language models}},
  author={Colas, C{\'e}dric and Teodorescu, Laetitia and Oudeyer, Pierre-Yves and Yuan, Xingdi and C{\^o}t{\'e}, Marc-Alexandre},
  booktitle={Conference on Lifelong Learning Agents},
  pages={205--226},
  year={2023},
  organization={PMLR}
}

@article{colas2022language,
  title={{Language and culture internalization for human-like autotelic AI}},
  author={Colas, C{\'e}dric and Karch, Tristan and Moulin-Frier, Cl{\'e}ment and Oudeyer, Pierre-Yves},
  journal={Nature Machine Intelligence},
  volume={4},
  number={12},
  pages={1068--1076},
  year={2022},
  publisher={Nature Publishing Group UK London}
}

@inproceedings{bradley2023quality,
  title={Quality-Diversity through AI Feedback},
  author={Bradley, Herbie and Dai, Andrew and Teufel, Hannah Benita and Zhang, Jenny and Oostermeijer, Koen and Bellagente, Marco and Clune, Jeff and Stanley, Kenneth and Schott, Gregory and Lehman, Joel},
  booktitle={The Twelfth International Conference on Learning Representations},
  year={2024}
}

@inproceedings{ding2023quality,
  title={{Quality diversity through human feedback: towards open-ended diversity-driven optimization}},
  author={Ding, Li and Zhang, Jenny and Clune, Jeff and Spector, Lee and Lehman, Joel},
  booktitle={Proceedings of the 41st International Conference on Machine Learning},
  pages={11072--11090},
  year={2024}
}

@article{wang2023diversity,
  title={{Diversity from human feedback}},
  author={Wang, Ren-Jian and Xue, Ke and Wang, Yutong and Yang, Peng and Fu, Haobo and Fu, Qiang and Qian, Chao},
  journal={arXiv preprint arXiv:2310.06648},
  year={2023}
}

@article{klissarov2023motif,
  title={{Motif: Intrinsic motivation from artificial intelligence feedback}},
  author={Klissarov, Martin and D'Oro, Pierluca and Sodhani, Shagun and Raileanu, Roberta and Bacon, Pierre-Luc and Vincent, Pascal and Zhang, Amy and Henaff, Mikael},
  journal={arXiv preprint arXiv:2310.00166},
  year={2023}
}

@article{klissarov2024maestromotif,
  title={{MaestroMotif: Skill Design from Artificial Intelligence Feedback}},
  author={Klissarov, Martin and Henaff, Mikael and Raileanu, Roberta and Sodhani, Shagun and Vincent, Pascal and Zhang, Amy and Bacon, Pierre-Luc and Precup, Doina and Machado, Marlos C and D'Oro, Pierluca},
  journal={arXiv preprint arXiv:2412.08542},
  year={2024}
}

@article{samvelyan2024rainbow,
  title={{Rainbow teaming: Open-ended generation of diverse adversarial prompts}},
  author={Samvelyan, Mikayel and Raparthy, Sharath Chandra and Lupu, Andrei and Hambro, Eric and Markosyan, Aram and Bhatt, Manish and Mao, Yuning and Jiang, Minqi and Parker-Holder, Jack and Foerster, Jakob and others},
  journal={Advances in Neural Information Processing Systems},
  volume={37},
  pages={69747--69786},
  year={2024}
}

@inproceedings{lim2024large,
  title={{Large language models as in-context ai generators for quality-diversity}},
  author={Lim, Bryan and Flageat, Manon and Cully, Antoine},
  booktitle={ALIFE 2024: Proceedings of the 2024 Artificial Life Conference},
  year={2024},
  organization={MIT Press}
}

@article{wang2023voyager,
  title={{Voyager: An open-ended embodied agent with large language models}},
  author={Wang, Guanzhi and Xie, Yuqi and Jiang, Yunfan and Mandlekar, Ajay and Xiao, Chaowei and Zhu, Yuke and Fan, Linxi and Anandkumar, Anima},
  journal={arXiv preprint arXiv:2305.16291},
  year={2023}
}

@article{ma2023eureka,
  title={{Eureka: Human-level reward design via coding large language models}},
  author={Ma, Yecheng Jason and Liang, William and Wang, Guanzhi and Huang, De-An and Bastani, Osbert and Jayaraman, Dinesh and Zhu, Yuke and Fan, Linxi and Anandkumar, Anima},
  journal={arXiv preprint arXiv:2310.12931},
  year={2023}
}

@article{sudhakaran2023mariogpt,
  title={{Mariogpt: Open-ended text2level generation through large language models}},
  author={Sudhakaran, Shyam and Gonz{\'a}lez-Duque, Miguel and Freiberger, Matthias and Glanois, Claire and Najarro, Elias and Risi, Sebastian},
  journal={Advances in Neural Information Processing Systems},
  volume={36},
  pages={54213--54227},
  year={2023}
}

@inproceedings{nasir2023practical,
  title={{Practical PCG through large language models}},
  author={Nasir, Muhammad U and Togelius, Julian},
  booktitle={2023 IEEE Conference on Games (CoG)},
  pages={1--4},
  year={2023},
  organization={IEEE}
}

@inproceedings{aki2024llm,
  title={{Llm-poet: Evolving complex environments using large language models}},
  author={Aki, Fuma and Ikeda, Riku and Saito, Takumi and Regan, Ciaran and Oka, Mizuki},
  booktitle={Proceedings of the Genetic and Evolutionary Computation Conference Companion},
  pages={243--246},
  year={2024}
}

@article{nasir2024word2world,
  title={{Word2world: Generating stories and worlds through large language models}},
  author={Nasir, Muhammad U and James, Steven and Togelius, Julian},
  journal={arXiv preprint arXiv:2405.06686},
  year={2024}
}

@inproceedings{bruce2024genie,
  title={{Genie: Generative interactive environments}},
  author={Bruce, Jake and Dennis, Michael D and Edwards, Ashley and Parker-Holder, Jack and Shi, Yuge and Hughes, Edward and Lai, Matthew and Mavalankar, Aditi and Steigerwald, Richie and Apps, Chris and others},
  booktitle={Forty-first International Conference on Machine Learning},
  year={2024}
}

@misc{parkerholder2024genie2,
  title         = {Genie 2: A Large-Scale Foundation World Model},
  author        = {Jack Parker-Holder and Philip Ball and Jake Bruce and Vibhavari Dasagi and Kristian Holsheimer and Christos Kaplanis and Alexandre Moufarek and Guy Scully and Jeremy Shar and Jimmy Shi and Stephen Spencer and Jessica Yung and Michael Dennis and Sultan Kenjeyev and Shangbang Long and Vlad Mnih and Harris Chan and Maxime Gazeau and Bonnie Li and Fabio Pardo and Luyu Wang and Lei Zhang and Frederic Besse and Tim Harley and Anna Mitenkova and Jane Wang and Jeff Clune and Demis Hassabis and Raia Hadsell and Adrian Bolton and Satinder Singh and Tim Rockt{\"a}schel},
  year          = {2024},
  url           = {https://deepmind.google/discover/blog/genie-2-a-large-scale-foundation-world-model/}
}

@inproceedings{dharna2024quality,
  title={{Quality-Diversity Self-Play: Open-Ended Strategy Innovation via Foundation Models}},
  author={Dharna, Aaron and Lu, Cong and Clune, Jeff},
  booktitle={NeurIPS 2024 Workshop on Open-World Agents},
  year={2024}
}

@article{lu2024discovering,
  title={{Discovering preference optimization algorithms with and for large language models}},
  author={Lu, Chris and Holt, Samuel and Fanconi, Claudio and Chan, Alex and Foerster, Jakob and van der Schaar, Mihaela and Lange, Robert},
  journal={Advances in Neural Information Processing Systems},
  volume={37},
  pages={86528--86573},
  year={2024}
}

@article{romera2024mathematical,
  title={{Mathematical discoveries from program search with large language models}},
  author={Romera-Paredes, Bernardino and Barekatain, Mohammadamin and Novikov, Alexander and Balog, Matej and Kumar, M Pawan and Dupont, Emilien and Ruiz, Francisco JR and Ellenberg, Jordan S and Wang, Pengming and Fawzi, Omar and others},
  journal={Nature},
  volume={625},
  number={7995},
  pages={468--475},
  year={2024},
  publisher={Nature Publishing Group UK London}
}

@article{lu2024ai,
  title={{The ai scientist: Towards fully automated open-ended scientific discovery}},
  author={Lu, Chris and Lu, Cong and Lange, Robert Tjarko and Foerster, Jakob and Clune, Jeff and Ha, David},
  journal={arXiv preprint arXiv:2408.06292},
  year={2024}
}

@article{khan2024debating,
  title={{Debating with more persuasive llms leads to more truthful answers}},
  author={Khan, Akbir and Hughes, John and Valentine, Dan and Ruis, Laura and Sachan, Kshitij and Radhakrishnan, Ansh and Grefenstette, Edward and Bowman, Samuel R and Rockt{\"a}schel, Tim and Perez, Ethan},
  journal={arXiv preprint arXiv:2402.06782},
  year={2024}
}

@misc{openai2025o3mini,
  author       = {{OpenAI}},
  title        = {{OpenAI o3-mini}},
  howpublished = {\url{https://openai.com/index/openai-o3-mini/}},
  month        = jan,
  year         = {2025},
  note         = {Accessed: 2025-05-01}
}

@article{brown2020language,
  title={{Language models are few-shot learners}},
  author={Brown, Tom and Mann, Benjamin and Ryder, Nick and Subbiah, Melanie and Kaplan, Jared D and Dhariwal, Prafulla and Neelakantan, Arvind and Shyam, Pranav and Sastry, Girish and Askell, Amanda and others},
  journal={Advances in neural information processing systems},
  volume={33},
  pages={1877--1901},
  year={2020}
}

@article{radford2019language,
  title={{Language models are unsupervised multitask learners}},
  author={Radford, Alec and Wu, Jeffrey and Child, Rewon and Luan, David and Amodei, Dario and Sutskever, Ilya and others},
  journal={OpenAI blog},
  volume={1},
  number={8},
  pages={9},
  year={2019}
}

@article{zhou2025autoredteamer,
  title={{AutoRedTeamer: Autonomous Red Teaming with Lifelong Attack Integration}},
  author={Zhou, Andy and Wu, Kevin and Pinto, Francesco and Chen, Zhaorun and Zeng, Yi and Yang, Yu and Yang, Shuang and Koyejo, Sanmi and Zou, James and Li, Bo},
  journal={arXiv preprint arXiv:2503.15754},
  year={2025}
}

@article{yao2023beyond,
  title={{Beyond chain-of-thought, effective graph-of-thought reasoning in language models}},
  author={Yao, Yao and Li, Zuchao and Zhao, Hai},
  journal={arXiv preprint arXiv:2305.16582},
  year={2023}
}

@inproceedings{yao2023react,
  title={{React: Synergizing reasoning and acting in language models}},
  author={Yao, Shunyu and Zhao, Jeffrey and Yu, Dian and Du, Nan and Shafran, Izhak and Narasimhan, Karthik and Cao, Yuan},
  booktitle={International Conference on Learning Representations (ICLR)},
  year={2023}
}

@inproceedings{zelikman2024self,
  title={{Self-taught optimizer (stop): Recursively self-improving code generation}},
  author={Zelikman, Eric and Lorch, Eliana and Mackey, Lester and Kalai, Adam Tauman},
  booktitle={First Conference on Language Modeling},
  year={2024}
}

@article{liu2023think,
  title={{Think-in-memory: Recalling and post-thinking enable llms with long-term memory}},
  author={Liu, Lei and Yang, Xiaoyan and Shen, Yue and Hu, Binbin and Zhang, Zhiqiang and Gu, Jinjie and Zhang, Guannan},
  journal={arXiv preprint arXiv:2311.08719},
  year={2023}
}

@article{madaan2303self,
  title={{Self-refine: Iterative refinement with self-feedback, 2023}},
  author={Madaan, Aman and Tandon, Niket and Gupta, Prakhar and Hallinan, Skyler and Gao, Luyu and Wiegreffe, Sarah and Alon, Uri and Dziri, Nouha and Prabhumoye, Shrimai and Yang, Yiming and others},
  journal={URL https://arxiv. org/abs/2303.17651},
  year={2023}
}

@article{zhou2024symbolic,
  title={{Symbolic learning enables self-evolving agents}},
  author={Zhou, Wangchunshu and Ou, Yixin and Ding, Shengwei and Li, Long and Wu, Jialong and Wang, Tiannan and Chen, Jiamin and Wang, Shuai and Xu, Xiaohua and Zhang, Ningyu and others},
  journal={arXiv preprint arXiv:2406.18532},
  year={2024}
}

@article{khattab2023dspy,
  title={{Dspy: Compiling declarative language model calls into self-improving pipelines}},
  author={Khattab, Omar and Singhvi, Arnav and Maheshwari, Paridhi and Zhang, Zhiyuan and Santhanam, Keshav and Vardhamanan, Sri and Haq, Saiful and Sharma, Ashutosh and Joshi, Thomas T and Moazam, Hanna and others},
  journal={arXiv preprint arXiv:2310.03714},
  year={2023}
}

@article{yu2022generate,
  title={{Generate rather than retrieve: Large language models are strong context generators}},
  author={Yu, Wenhao and Iter, Dan and Wang, Shuohang and Xu, Yichong and Ju, Mingxuan and Sanyal, Soumya and Zhu, Chenguang and Zeng, Michael and Jiang, Meng},
  journal={arXiv preprint arXiv:2209.10063},
  year={2022}
}

@inproceedings{zhong2024memorybank,
  title={{Memorybank: Enhancing large language models with long-term memory}},
  author={Zhong, Wanjun and Guo, Lianghong and Gao, Qiqi and Ye, He and Wang, Yanlin},
  booktitle={Proceedings of the AAAI Conference on Artificial Intelligence},
  volume={38},
  pages={19724--19731},
  year={2024}
}

@article{modarressi2023ret,
  title={{Ret-llm: Towards a general read-write memory for large language models}},
  author={Modarressi, Ali and Imani, Ayyoob and Fayyaz, Mohsen and Sch{\"u}tze, Hinrich},
  journal={arXiv preprint arXiv:2305.14322},
  year={2023}
}

@article{yin2024g,
  title={{G$\backslash$" odel Agent: A Self-Referential Agent Framework for Recursive Self-Improvement}},
  author={Yin, Xunjian and Wang, Xinyi and Pan, Liangming and Wan, Xiaojun and Wang, William Yang},
  journal={arXiv preprint arXiv:2410.04444},
  year={2024}
}


@conference{li2014encouraging,
	author = {Li, J. and Storie J. and Clune, J.},
	booktitle = {Proceedings of the Genetic and Evolutionary Computation Conference},
	date-added = {2014-01-11 00:43:15 +0000},
	date-modified = {2014-09-21 17:38:01 +0000},
	journal = {In preparation.},
	pages = {193-200},
	title = {Encouraging creative thinking in robots improves their ability to solve challenging problems},
	year = {2014}}


@article{ecoffet2021first,
	author = {Ecoffet, Adrien and Huizinga, Joost and Lehman, Joel and Stanley, Kenneth O and Clune, Jeff},
	date-added = {2021-03-22 12:08:57 -0700},
	date-modified = {2021-03-22 12:08:57 -0700},
	journal = {Nature},
	number = {7847},
	pages = {580--586},
	publisher = {Nature Publishing Group},
	title = {First return, then explore},
	volume = {590},
	year = {2021}}


@article{silver2017mastering,
  title={{Mastering chess and shogi by self-play with a general reinforcement learning algorithm}},
  author={Silver, David and Hubert, Thomas and Schrittwieser, Julian and Antonoglou, Ioannis and Lai, Matthew and Guez, Arthur and Lanctot, Marc and Sifre, Laurent and Kumaran, Dharshan and Graepel, Thore and others},
  journal={arXiv preprint arXiv:1712.01815},
  year={2017}
}

@article{havrilla2024glore,
  title={{Glore: When, where, and how to improve llm reasoning via global and local refinements}},
  author={Havrilla, Alex and Raparthy, Sharath and Nalmpantis, Christoforus and Dwivedi-Yu, Jane and Zhuravinskyi, Maksym and Hambro, Eric and Raileanu, Roberta},
  journal={arXiv preprint arXiv:2402.10963},
  year={2024}
}

@article{robeyns2025self,
  title={{A Self-Improving Coding Agent}},
  author={Robeyns, Maxime and Szummer, Martin and Aitchison, Laurence},
  journal={arXiv preprint arXiv:2504.15228},
  year={2025}
}

@article{hu2024self,
  title={{Self-evolving multi-agent collaboration networks for software development}},
  author={Hu, Yue and Cai, Yuzhu and Du, Yaxin and Zhu, Xinyu and Liu, Xiangrui and Yu, Zijie and Hou, Yuchen and Tang, Shuo and Chen, Siheng},
  journal={arXiv preprint arXiv:2410.16946},
  year={2024}
}

@article{schick2023toolformer,
  title={{Toolformer: Language models can teach themselves to use tools}},
  author={Schick, Timo and Dwivedi-Yu, Jane and Dess{\`\i}, Roberto and Raileanu, Roberta and Lomeli, Maria and Hambro, Eric and Zettlemoyer, Luke and Cancedda, Nicola and Scialom, Thomas},
  journal={Advances in Neural Information Processing Systems},
  volume={36},
  pages={68539--68551},
  year={2023}
}

@misc{anthropic_tool_use_2024,
  author       = {{Anthropic}},
  title        = {{Claude can now use tools}},
  year         = {2024},
  month        = {May},
  day          = {30},
  url          = {https://www.anthropic.com/news/tool-use-ga},
  note         = {Accessed: 2025-05-03}
}

@article{meta2022human,
  title={{Human-level play in the game of Diplomacy by combining language models with strategic reasoning}},
  author={Meta Fundamental AI Research Diplomacy Team (FAIR)† and Bakhtin, Anton and Brown, Noam and Dinan, Emily and Farina, Gabriele and Flaherty, Colin and Fried, Daniel and Goff, Andrew and Gray, Jonathan and Hu, Hengyuan and others},
  journal={Science},
  volume={378},
  number={6624},
  pages={1067--1074},
  year={2022},
  publisher={American Association for the Advancement of Science}
}

@article{sheth2025safety,
  title={{Safety is Essential for Responsible Open-Ended Systems}},
  author={Sheth, Ivaxi and Wehner, Jan and Abdelnabi, Sahar and Binkyte, Ruta and Fritz, Mario},
  journal={arXiv preprint arXiv:2502.04512},
  year={2025}
}

@inproceedings{ecoffet2020open,
  title={{Open questions in creating safe open-ended AI: tensions between control and creativity}},
  author={Ecoffet, Adrien and Clune, Jeff and Lehman, Joel},
  booktitle={Artificial Life Conference Proceedings 32},
  pages={27--35},
  year={2020},
  organization={MIT Press One Rogers Street, Cambridge, MA 02142-1209, USA journals-info~…}
}

@article{bengio2024managing,
  title={{Managing extreme AI risks amid rapid progress}},
  author={Bengio, Yoshua and Hinton, Geoffrey and Yao, Andrew and Song, Dawn and Abbeel, Pieter and Darrell, Trevor and Harari, Yuval Noah and Zhang, Ya-Qin and Xue, Lan and Shalev-Shwartz, Shai and others},
  journal={Science},
  volume={384},
  number={6698},
  pages={842--845},
  year={2024},
  publisher={American Association for the Advancement of Science}
}

@article{strathern1997improving,
  title={{‘Improving ratings’: audit in the British University system}},
  author={Strathern, Marilyn},
  journal={European review},
  volume={5},
  number={3},
  pages={305--321},
  year={1997},
  publisher={Cambridge University Press}
}

@article{skalse2022defining,
  title={Defining and characterizing reward gaming},
  author={Skalse, Joar and Howe, Nikolaus and Krasheninnikov, Dmitrii and Krueger, David},
  journal={Advances in Neural Information Processing Systems},
  volume={35},
  pages={9460--9471},
  year={2022}
}

@article{huang2022large,
  title={Large language models can self-improve},
  author={Huang, Jiaxin and Gu, Shixiang Shane and Hou, Le and Wu, Yuexin and Wang, Xuezhi and Yu, Hongkun and Han, Jiawei},
  journal={arXiv preprint arXiv:2210.11610},
  year={2022}
}

@article{singh2023beyond,
  title={Beyond human data: Scaling self-training for problem-solving with language models},
  author={Singh, Avi and Co-Reyes, John D and Agarwal, Rishabh and Anand, Ankesh and Patil, Piyush and Garcia, Xavier and Liu, Peter J and Harrison, James and Lee, Jaehoon and Xu, Kelvin and others},
  journal={arXiv preprint arXiv:2312.06585},
  year={2023}
}

@misc{anthropic2025claude37,
  author       = {{Anthropic}},
  title        = {Claude 3.7 Sonnet and Claude Code},
  year         = {2025},
  month        = feb,
  url          = {https://www.anthropic.com/news/claude-3-7-sonnet},
  note         = {Accessed: 2025-05-06}
}

@article{openai2024o1,
  title={Openai o1 system card},
  author={Team, OpenAI and Jaech, Aaron and Kalai, Adam and Lerer, Adam and Richardson, Adam and El-Kishky, Ahmed and Low, Aiden and Helyar, Alec and Madry, Aleksander and Beutel, Alex and Carney, Alex and others},
  journal={arXiv preprint arXiv:2412.16720},
  year={2024}
}

@article{chen2023unleashing,
  title={Unleashing the potential of prompt engineering in Large Language Models: a comprehensive review},
  author={Chen, Banghao and Zhang, Zhaofeng and Langren{\'e}, Nicolas and Zhu, Shengxin},
  journal={arXiv preprint arXiv:2310.14735},
  year={2023}
}

@article{hu2023ThoughtCloning,
  title={{Thought Cloning}: Learning to think while acting by imitating human thinking},
  author={Hu, Shengran and Clune, Jeff},
  journal={Advances in Neural Information Processing Systems},
  volume={36},
  year={2024}
}

@article{schulhoff2024prompt,
  title={The Prompt Report: A Systematic Survey of Prompting Techniques},
  author={Schulhoff, Sander and Ilie, Michael and Balepur, Nishant and Kahadze, Konstantine and Liu, Amanda and Si, Chenglei and Li, Yinheng and Gupta, Aayush and Han, HyoJung and Schulhoff, Sevien and others},
  journal={arXiv preprint arXiv:2406.06608},
  year={2024}
}

@article{cheng2025trace,
  title={Trace is the next autodiff: Generative optimization with rich feedback, execution traces, and llms},
  author={Cheng, Ching-An and Nie, Allen and Swaminathan, Adith},
  journal={Advances in Neural Information Processing Systems},
  volume={37},
  pages={71596--71642},
  year={2024}
}

@article{yuksekgonul2024textgrad,
  title={Textgrad: Automatic" differentiation" via text},
  author={Yuksekgonul, Mert and Bianchi, Federico and Boen, Joseph and Liu, Sheng and Huang, Zhi and Guestrin, Carlos and Zou, James},
  journal={arXiv preprint arXiv:2406.07496},
  year={2024}
}

@article{yuan2024evoagent,
  title={EvoAgent: Towards Automatic Multi-Agent Generation via Evolutionary Algorithms},
  author={Yuan, Siyu and Song, Kaitao and Chen, Jiangjie and Tan, Xu and Li, Dongsheng and Yang, Deqing},
  journal={arXiv preprint arXiv:2406.14228},
  year={2024}
}

@inproceedings{zhugegptswarm,
  title={GPTSwarm: Language Agents as Optimizable Graphs},
  author={Zhuge, Mingchen and Wang, Wenyi and Kirsch, Louis and Faccio, Francesco and Khizbullin, Dmitrii and Schmidhuber, J{\"u}rgen},
  booktitle={Forty-first International Conference on Machine Learning},
  year={2024}
}

@inproceedings{
rosser2025agentbreeder,
title={AgentBreeder: Mitigating the {AI} Safety Impact of Multi-Agent Scaffolds via Self-Improvement},
author={J Rosser and Jakob Nicolaus Foerster},
booktitle={Scaling Self-Improving Foundation Models without Human Supervision},
year={2025},
url={https://openreview.net/forum?id=j0n3BJJTcT}
}

@article{zhang2025multi,
  title={Multi-agent Architecture Search via Agentic Supernet},
  author={Zhang, Guibin and Niu, Luyang and Fang, Junfeng and Wang, Kun and Bai, Lei and Wang, Xiang},
  journal={arXiv preprint arXiv:2502.04180},
  year={2025}
}

@article{guo2025deepseek,
  title={Deepseek-r1: Incentivizing reasoning capability in llms via reinforcement learning},
  author={Guo, Daya and Yang, Dejian and Zhang, Haowei and Song, Junxiao and Zhang, Ruoyu and Xu, Runxin and Zhu, Qihao and Ma, Shirong and Wang, Peiyi and Bi, Xiao and others},
  journal={arXiv preprint arXiv:2501.12948},
  year={2025}
}

@article{muennighoff2025s1,
  title={s1: Simple test-time scaling},
  author={Muennighoff, Niklas and Yang, Zitong and Shi, Weijia and Li, Xiang Lisa and Fei-Fei, Li and Hajishirzi, Hannaneh and Zettlemoyer, Luke and Liang, Percy and Cand{\`e}s, Emmanuel and Hashimoto, Tatsunori},
  journal={arXiv preprint arXiv:2501.19393},
  year={2025}
}

@article{zelikman2024quiet,
  title={Quiet-star: Language models can teach themselves to think before speaking},
  author={Zelikman, Eric and Harik, Georges and Shao, Yijia and Jayasiri, Varuna and Haber, Nick and Goodman, Noah D},
  journal={arXiv preprint arXiv:2403.09629},
  year={2024}
}

@inproceedings{lightman2023let,
  title={Let's verify step by step},
  author={Lightman, Hunter and Kosaraju, Vineet and Burda, Yuri and Edwards, Harrison and Baker, Bowen and Lee, Teddy and Leike, Jan and Schulman, John and Sutskever, Ilya and Cobbe, Karl},
  booktitle={The Twelfth International Conference on Learning Representations},
  year={2023}
}

@article{lu2025automated,
  title={Automated Capability Discovery via Model Self-Exploration},
  author={Lu, Cong and Hu, Shengran and Clune, Jeff},
  journal={arXiv preprint arXiv:2502.0757},
  year={2025}
}

@inproceedings{zhang2024autocoderover,
  title={Autocoderover: Autonomous program improvement},
  author={Zhang, Yuntong and Ruan, Haifeng and Fan, Zhiyu and Roychoudhury, Abhik},
  booktitle={Proceedings of the 33rd ACM SIGSOFT International Symposium on Software Testing and Analysis},
  pages={1592--1604},
  year={2024}
}

@article{zhang2024rest,
  title={Rest-mcts*: Llm self-training via process reward guided tree search},
  author={Zhang, Dan and Zhoubian, Sining and Hu, Ziniu and Yue, Yisong and Dong, Yuxiao and Tang, Jie},
  journal={Advances in Neural Information Processing Systems},
  volume={37},
  pages={64735--64772},
  year={2024}
}

@article{xia2024agentless,
  title={Agentless: Demystifying llm-based software engineering agents},
  author={Xia, Chunqiu Steven and Deng, Yinlin and Dunn, Soren and Zhang, Lingming},
  journal={arXiv preprint arXiv:2407.01489},
  year={2024}
}

@article{cao2024spider2,
  title={Spider2-v: How far are multimodal agents from automating data science and engineering workflows?},
  author={Cao, Ruisheng and Lei, Fangyu and Wu, Haoyuan and Chen, Jixuan and Fu, Yeqiao and Gao, Hongcheng and Xiong, Xinzhuang and Zhang, Hanchong and Hu, Wenjing and Mao, Yuchen and others},
  journal={Advances in Neural Information Processing Systems},
  volume={37},
  pages={107703--107744},
  year={2024}
}

@misc{GoogleDeepMind2025GeminiThinking,
  author       = {{Google DeepMind}},
  title        = {Gemini Model “Thinking” Updates — March 2025},
  year         = {2025},
  month        = mar,
  howpublished = {\url{https://blog.google/technology/google-deepmind/gemini-model-thinking-updates-march-2025/#gemini-2-5-thinking}},
  note         = {Accessed: 2025-05-11}
}

@inproceedings{nguyen2015innovation,
  title={Innovation engines: Automated creativity and improved stochastic optimization via deep learning},
  author={Nguyen, Anh Mai and Yosinski, Jason and Clune, Jeff},
  booktitle={Proceedings of the 2015 annual conference on genetic and evolutionary computation},
  pages={959--966},
  year={2015}
}

@inproceedings{schmidhuber2008driven,
  title={Driven by compression progress: A simple principle explains essential aspects of subjective beauty, novelty, surprise, interestingness, attention, curiosity, creativity, art, science, music, jokes},
  author={Schmidhuber, J{\"u}rgen},
  booktitle={Workshop on anticipatory behavior in adaptive learning systems},
  pages={48--76},
  year={2008},
  organization={Springer}
}

@article{schmidhuber2013powerplay,
  title={Powerplay: Training an increasingly general problem solver by continually searching for the simplest still unsolvable problem},
  author={Schmidhuber, J{\"u}rgen},
  journal={Frontiers in psychology},
  volume={4},
  pages={313},
  year={2013},
  publisher={Frontiers Media SA}
}

@incollection{darwin2023origin,
  title={Origin of the Species},
  author={Darwin, Charles},
  booktitle={British Politics and the environment in the long nineteenth century},
  pages={47--55},
  year={2023},
  publisher={Routledge}
}

@article{lee2020learning,
  title={Learning quadrupedal locomotion over challenging terrain},
  author={Lee, Joonho and Hwangbo, Jemin and Wellhausen, Lorenz and Koltun, Vladlen and Hutter, Marco},
  journal={Science robotics},
  volume={5},
  number={47},
  pages={eabc5986},
  year={2020},
  publisher={American Association for the Advancement of Science}
}

@book{markoff2016machines,
  title={Machines of loving grace: The quest for common ground between humans and robots},
  author={Markoff, John},
  year={2016},
  publisher={HarperCollins Publishers}
}

@article{lehman2023machine,
  title={Machine love},
  author={Lehman, Joel},
  journal={arXiv preprint arXiv:2302.09248},
  year={2023}
}

@article{anwar2024foundational,
  title={Foundational challenges in assuring alignment and safety of large language models},
  author={Anwar, Usman and Saparov, Abulhair and Rando, Javier and Paleka, Daniel and Turpin, Miles and Hase, Peter and Lubana, Ekdeep Singh and Jenner, Erik and Casper, Stephen and Sourbut, Oliver and others},
  journal={arXiv preprint arXiv:2404.09932},
  year={2024}
}

@article{greenblatt2024alignment,
  title={Alignment faking in large language models},
  author={Greenblatt, Ryan and Denison, Carson and Wright, Benjamin and Roger, Fabien and MacDiarmid, Monte and Marks, Sam and Treutlein, Johannes and Belonax, Tim and Chen, Jack and Duvenaud, David and others},
  journal={arXiv preprint arXiv:2412.14093},
  year={2024}
}

@article{ganguli2022red,
  title={Red teaming language models to reduce harms: Methods, scaling behaviors, and lessons learned},
  author={Ganguli, Deep and Lovitt, Liane and Kernion, Jackson and Askell, Amanda and Bai, Yuntao and Kadavath, Saurav and Mann, Ben and Perez, Ethan and Schiefer, Nicholas and Ndousse, Kamal and others},
  journal={arXiv preprint arXiv:2209.07858},
  year={2022}
}


@misc{aider2024,
  author       = {Paul Gauthier},
  title        = {Aider: AI Pair Programming in Your Terminal},
  year         = {2024},
  publisher    = {GitHub},
  howpublished = {\url{https://github.com/Aider-AI/aider}},
  note         = {Accessed: 2025-05-14}
}

@article{yamada2025ai,
  title={The AI Scientist-v2: Workshop-Level Automated Scientific Discovery via Agentic Tree Search},
  author={Yamada, Yutaro and Lange, Robert Tjarko and Lu, Cong and Hu, Shengran and Lu, Chris and Foerster, Jakob and Clune, Jeff and Ha, David},
  journal={arXiv preprint arXiv:2504.08066},
  year={2025}
}

@article{liu2024evolution,
  title={Evolution of heuristics: Towards efficient automatic algorithm design using large language model},
  author={Liu, Fei and Tong, Xialiang and Yuan, Mingxuan and Lin, Xi and Luo, Fu and Wang, Zhenkun and Lu, Zhichao and Zhang, Qingfu},
  journal={arXiv preprint arXiv:2401.02051},
  year={2024}
}

@techreport{Novikov2025AlphaEvolve,
  title        = {AlphaEvolve: A coding agent for scientific and algorithmic discovery},
  author       = {Novikov, Alexander and Vũ, Ngân and Eisenberger, Marvin and Dupont, Emilien and Huang, Po-Sen and Wagner, Adam Zsolt and Shirobokov, Sergey and Kozlovskii, Borislav and Ruiz, Francisco J. R. and Mehrabian, Abbas and Kumar, M. Pawan and See, Abigail and Chaudhuri, Swarat and Holland, George and Davies, Alex and Nowozin, Sebastian and Kohli, Pushmeet and Balog, Matej},
  institution  = {Google DeepMind},
  year         = {2025},
}

@article{havrilla2024surveying,
  title={Surveying the Effects of Quality, Diversity, and Complexity in Synthetic Data From Large Language Models},
  author={Havrilla, Alex and Dai, Andrew and O'Mahony, Laura and Oostermeijer, Koen and Zisler, Vera and Albalak, Alon and Milo, Fabrizio and Raparthy, Sharath Chandra and Gandhi, Kanishk and Abbasi, Baber and others},
  journal={arXiv preprint arXiv:2412.02980},
  year={2024}
}

@article{bostrom2020ethical,
  title={Ethical issues in advanced artificial intelligence},
  author={Bostrom, Nick},
  journal={Machine Ethics and Robot Ethics},
  pages={69--75},
  year={2020},
  publisher={Routledge}
}

@article{ye2025mas,
  title={Mas-gpt: Training llms to build llm-based multi-agent systems},
  author={Ye, Rui and Tang, Shuo and Ge, Rui and Du, Yaxin and Yin, Zhenfei and Chen, Siheng and Shao, Jing},
  journal={arXiv preprint arXiv:2503.03686},
  year={2025}
}


@article{gao2025flowreasoner,
  title={FlowReasoner: Reinforcing Query-Level Meta-Agents},
  author={Gao, Hongcheng and Liu, Yue and He, Yufei and Dou, Longxu and Du, Chao and Deng, Zhijie and Hooi, Bryan and Lin, Min and Pang, Tianyu},
  journal={arXiv preprint arXiv:2504.15257},
  year={2025}
}

@article{nie2025weak,
  title={Weak-for-Strong: Training Weak Meta-Agent to Harness Strong Executors},
  author={Nie, Fan and Feng, Lan and Ye, Haotian and Liang, Weixin and Lu, Pan and Yao, Huaxiu and Alahi, Alexandre and Zou, James},
  journal={arXiv preprint arXiv:2504.04785},
  year={2025}
}

@article{su2025debflow,
  title={DebFlow: Automating Agent Creation via Agent Debate},
  author={Su, Jinwei and Xia, Yinghui and Shi, Ronghua and Wang, Jianhui and Huang, Jianuo and Wang, Yijin and Shi, Tianyu and Jingsong, Yang and He, Lewei},
  journal={arXiv preprint arXiv:2503.23781},
  year={2025}
}

@article{zhang2025gnns,
  title={GNNs as Predictors of Agentic Workflow Performances},
  author={Zhang, Yuanshuo and Hou, Yuchen and Tang, Bohan and Chen, Shuo and Zhang, Muhan and Dong, Xiaowen and Chen, Siheng},
  journal={arXiv preprint arXiv:2503.11301},
  year={2025}
}

@inproceedings{niu2025flow,
  title={Flow: Modularized Agentic Workflow Automation},
 year={2025},
  author={Niu, Boye and Song, Yiliao and Lian, Kai and Shen, Yifan and Yao, Yu and Zhang, Kun and Liu, Tongliang},
  booktitle={The Thirteenth International Conference on Learning Representations}
}