@article{strassen1969gaussian,
  title={Gaussian elimination is not optimal},
  author={Strassen, Volker},
  journal={Numerische mathematik},
  volume={13},
  number={4},
  pages={354--356},
  year={1969},
  publisher={Springer}
}

@article{smirnov2013bilinear,
  title={The bilinear complexity and practical algorithms for matrix multiplication},
  author={Smirnov, Alexey V},
  journal={Computational Mathematics and Mathematical Physics},
  volume={53},
  number={12},
  pages={1781--1795},
  year={2013},
  publisher={Springer}
}

@inproceedings{kauers2023flip,
  title={Flip graphs for matrix multiplication},
  author={Kauers, Manuel and Moosbauer, Jakob},
  booktitle={Proceedings of the 2023 International Symposium on Symbolic and Algebraic Computation},
  pages={381--388},
  year={2023}
}

@inproceedings{kingma2015adam,
  title={Adam: A Method for Stochastic Optimization},
  author={Diederik P. Kingma and Jimmy Ba},
  booktitle={International Conference on Learning Representations (ICLR)},
  year={2015}
}

@article{alhijawi2024genetic,
  title={Genetic algorithms: Theory, genetic operators, solutions, and applications},
  author={Alhijawi, Bushra and Awajan, Arafat},
  journal={Evolutionary Intelligence},
  volume={17},
  number={3},
  pages={1245--1256},
  year={2024},
  publisher={Springer}
}

@article{ellenberg2025generative,
  title={Generative Modelling for Mathematical Discovery},
  author={Ellenberg, Jordan S and Fraser-Taliente, Cristofero S and Harvey, Thomas R and Srivastava, Karan and Sutherland, Andrew V},
  journal={arXiv preprint arXiv:2503.11061},
  year={2025}
}

@article{paredes2023mathematical,
  author  = {Romera-Paredes, Bernardino and Barekatain, Mohammadamin and Novikov, Alexander and Balog, Matej and Kumar, M. Pawan and Dupont, Emilien and Ruiz, Francisco J. R. and Ellenberg, Jordan and Wang, Pengming and Fawzi, Omar and Kohli, Pushmeet and Fawzi, Alhussein},
  journal = {Nature},
  title   = {Mathematical discoveries from program search with large language models},
  year    = {2023},
  volume = {625},
  number = {7995},
  pages = {468--475},
  doi     = {10.1038/s41586-023-06924-6}
}

@article{gottweis2025towards,
  title={Towards an {AI} co-scientist},
  author={Juraj Gottweis and Wei-Hung Weng and Alexander Daryin and Tao Tu and Anil Palepu and Petar Sirkovic and Artiom Myaskovsky and Felix Weissenberger and Keran Rong and Ryutaro Tanno and Khaled Saab and Dan Popovici and Jacob Blum and Fan Zhang and Katherine Chou and Avinatan Hassidim and Burak Gokturk and Amin Vahdat and Pushmeet Kohli and Yossi Matias and Andrew Carroll and Kavita Kulkarni and Nenad Tomasev and Yuan Guan and Vikram Dhillon and Eeshit Dhaval Vaishnav and Byron Lee and Tiago R D Costa and Jos\'{e} R Penad\'{e}s and Gary Peltz and Yunhan Xu and Annalisa Pawlosky and Alan Karthikesalingam and Vivek Natarajan},
  journal={arXiv preprint arXiv:2502.18864},
  year={2025}
}

@article{snell2024scaling,
  title={Scaling llm test-time compute optimally can be more effective than scaling model parameters},
  author={Snell, Charlie and Lee, Jaehoon and Xu, Kelvin and Kumar, Aviral},
  journal={arXiv preprint arXiv:2408.03314},
  year={2024}
}

@article{mouret2015illuminating,
  title={Illuminating search spaces by mapping elites},
  author={Mouret, Jean-Baptiste and Clune, Jeff},
  journal={arXiv preprint arXiv:1504.04909},
  year={2015}
}

@book{tanese1989distributed,
  title={Distributed genetic algorithms for function optimization},
  author={Tanese, Reiko},
  year={1989},
  publisher={University of Michigan}
}

@article{grayeli2024symbolic,
  title={Symbolic regression with a learned concept library},
  author={Grayeli, Arya and Sehgal, Atharva and Costilla Reyes, Omar and Cranmer, Miles and Chaudhuri, Swarat},
  journal={Advances in Neural Information Processing Systems},
  volume={37},
  pages={44678--44709},
  year={2024}
}

@article{liu2021survey,
  title={A survey on evolutionary neural architecture search},
  author={Liu, Yuqiao and Sun, Yanan and Xue, Bing and Zhang, Mengjie and Yen, Gary G and Tan, Kay Chen},
  journal={IEEE transactions on neural networks and learning systems},
  volume={34},
  number={2},
  pages={550--570},
  year={2021},
  publisher={IEEE}
}

@article{mcconaghy2006genetic,
  title={Genetic programming in industrial analog CAD: Applications and challenges},
  author={McConaghy, Trent and Gielen, Georges},
  journal={Genetic Programming Theory and Practice III},
  pages={291--306},
  year={2006},
  publisher={Springer}
}

@book{zhang2021genetic,
  title={Genetic Programming for Production Scheduling},
  author={Zhang, Fangfang and Nguyen, Su and Mei, Yi and Zhang, Mengjie},
  year={2021},
  publisher={Springer}
}

@article{cranmer2023interpretable,
  title={Interpretable machine learning for science with PySR and SymbolicRegression. jl},
  author={Cranmer, Miles},
  journal={arXiv preprint arXiv:2305.01582},
  year={2023}
}

@incollection{lehman2023evolution,
  title={Evolution through large models},
  author={Lehman, Joel and Gordon, Jonathan and Jain, Shawn and Ndousse, Kamal and Yeh, Cathy and Stanley, Kenneth O},
  booktitle={Handbook of evolutionary machine learning},
  pages={331--366},
  year={2023},
  publisher={Springer}
}

@book{langdon2013foundations,
  title={Foundations of genetic programming},
  author={Langdon, William B and Poli, Riccardo},
  year={2013},
  publisher={Springer Science \& Business Media}
}

@article{cooper2002adaptive,
  title={Adaptive optimizing compilers for the 21st century},
  author={Cooper, Keith D and Subramanian, Devika and Torczon, Linda},
  journal={The Journal of Supercomputing},
  volume={23},
  pages={7--22},
  year={2002},
  publisher={Springer}
}

@inproceedings{bunel2016learning,
  title={Learning to superoptimize programs},
  author={Bunel, Rudy and Desmaison, Alban and Kumar, M Pawan and Torr, Philip HS and Kohli, Pushmeet},
  booktitle={ICLR},
  year={2017}
}

@inproceedings{Massalin87,
  author       = {Henry Massalin},
  editor       = {Randy H. Katz and
                  Martin Freeman},
  title        = {Superoptimizer - {A} Look at the Smallest Program},
  booktitle    = {Proceedings of the Second International Conference on Architectural
                  Support for Programming Languages and Operating Systems {(ASPLOS}
                  II), Palo Alto, California, USA, October 5-8, 1987},
  pages        = {122--126},
  publisher    = {{ACM} Press},
  year         = {1987},
  doi          = {10.1145/36206.36194},
}


@inproceedings{schkufza2013stochastic,
  author       = {Eric Schkufza and
                  Rahul Sharma and
                  Alex Aiken},
  editor       = {Vivek Sarkar and
                  Rastislav Bod{\'{\i}}k},
  title        = {Stochastic superoptimization},
  booktitle    = {Architectural Support for Programming Languages and Operating Systems,
                  {ASPLOS} 2013, Houston, TX, USA, March 16-20, 2013},
  pages        = {305--316},
  publisher    = {{ACM}},
  year         = {2013},
  doi          = {10.1145/2451116.2451150}
}

@inproceedings{phothilimthana2016scaling,
  title={Scaling up superoptimization},
  author={Phothilimthana, Phitchaya Mangpo and Thakur, Aditya and Bodik, Rastislav and Dhurjati, Dinakar},
  booktitle={Proceedings of the Twenty-First International Conference on Architectural Support for Programming Languages and Operating Systems},
  pages={297--310},
  year={2016}
}

@inproceedings{gridach2025agentic,
    title={Agentic {AI} for Scientific Discovery: A Survey of Progress, Challenges, and Future Directions},
    author={Mourad Gridach and Jay Nanavati and Christina Mack and Khaldoun Zine El Abidine and Lenon Mendes},
    booktitle={ICLR Workshop: Towards Agentic {AI} for Science: Hypothesis Generation, Comprehension, Quantification, and Validation},
    year={2025},
}

@inproceedings{miret2024llms,
    title={Are {LLM}s Ready for Real-World Materials Discovery?}, 
    author={Miret, Santiago and Krishnan, N. M. Anoop},
    year={2024},
    booktitle={arXiv preprint arXiv:2402.05200},
}

@inproceedings{karpatne2024knowledge,
    title={Knowledge-guided Machine Learning: Current Trends and Future Prospects}, 
    author={Karpatne, Anuj and Jia, Xiaowei and Kumar, Vipin},
    year={2024},
    booktitle={arXiv preprint arXiv:2403.15989v1},
}

@article{binz2025howshould,
    title={How should the advancement of large language models affect the practice of science?},
    author={Binz, M. and Alaniz, S. and Roskies, A. and Aczel, B. and Bergstrom, C. T. and Allen, C. and Schad, D. and Wulff, D. and West, J. D. and Zhang, Q. and Shiffrin, R. M. and Gershman, S. J. and Popov, V. and Bender, E. M. and Marelli, M. and Botvinick, M. M. and Akata, Z. and Schulz, E.},
    journal={Proceedings of the National Academy of Sciences of the United States of America},
    year={2025},
    volume={122},
    number={5},
    pages={e2401227121},
    doi={10.1073/pnas.2401227121},
}

@article{caldasramos2025review,
    title={A review of large language models and autonomous agents in chemistry},
    author={Caldas Ramos, Mayk and Collison, Christopher J. and White, Andrew D.},
    year={2025},
    journal={Chemical Science},
    doi={10.1039/D4SC03921A},
    volume={16},
    pages={2514--2572},
}

@inproceedings{xia2025nature,
    title={Nature Language Model: Deciphering the Language of Nature for Scientific Discovery}, 
    author={Yingce Xia and Peiran Jin and Shufang Xie and Liang He and Chuan Cao and Renqian Luo and Guoqing Liu and Yue Wang and Zequn Liu and Yuan-Jyue Chen and Zekun Guo and Yeqi Bai and Pan Deng and Yaosen Min and Ziheng Lu and Hongxia Hao and Han Yang and Jielan Li and Chang Liu and Jia Zhang and Jianwei Zhu and Ran Bi and Kehan Wu and Wei Zhang and Kaiyuan Gao and Qizhi Pei and Qian Wang and Xixian Liu and Yanting Li and Houtian Zhu and Yeqing Lu and Mingqian Ma and Zun Wang and Tian Xie and Krzysztof Maziarz and Marwin Segler and Zhao Yang and Zilong Chen and Yu Shi and Shuxin Zheng and Lijun Wu and Chen Hu and Peggy Dai and Tie-Yan Liu and Haiguang Liu and Tao Qin},
    year={2025},
    booktitle={arXiv preprint arXiv:2502.07527v2},
}

@inproceedings{guo2024embracing,
    title={Embracing Foundation Models for Advancing Scientific Discovery},
    author={Guo, Sikun and Shariatmadari, Amir Hassan and Xiong, Guangzhi and Zhang, Aidong},
    year={2024},
    booktitle={Proceedings of the IEEE International Conference on Big Data},
    doi={10.1109/bigdata62323.2024.10825618},
    pages={1746--1755},
}

@inproceedings{naumov2025dora,
	author = {Naumov, Vladimir and Zagirova, Diana and Lin, Sha and Xie, Yupeng and Gou, Wenhao and Urban, Anatoly and Tikhonova, Nina and Alawi, Khadija and Durymanov, Mike and Galkin, Fedor and Chen, Shan and Sidorenko, Denis and Korzinkin, Mike and Scheibye-Knudsen, Morten and Aspuru-Guzik, Alan and Izumchenko, Evgeny and Gennert, David and Pun, Frank W. and Zhang, Man and Kamya, Petrina and Aliper, Alex and Ren, Feng and Zhavoronkov, Alex},
	title = {{DORA AI} Scientist: Multi-agent Virtual Research Team for Scientific Exploration Discovery and Automated Report Generation},
	year = {2025},
	doi = {10.1101/2025.03.06.641840},
	publisher = {Cold Spring Harbor Laboratory},
	booktitle = {bioRxiv preprint:10.1101/2025.03.06.641840},
}

@article{li2025large,
    author = {Li, Peng-Hsuan and Sun, Yih-Yun and Juan, Hsueh-Fen and Chen, Chien-Yu and Tsai, Huai-Kuang and Huang, Jia-Hsin},
    title = {A large language model framework for literature-based disease–gene association prediction},
    journal = {Briefings in Bioinformatics},
    volume = {26},
    number = {1},
    pages = {bbaf070},
    year = {2025},
    month = {02},
    issn = {1477-4054},
    doi = {10.1093/bib/bbaf070},
}

@article{sarumi2024large,
    title = {Large language models and their applications in bioinformatics},
    journal = {Computational and Structural Biotechnology Journal},
    volume = {23},
    pages = {3498-3505},
    year = {2024},
    issn = {2001-0370},
    doi = {https://doi.org/10.1016/j.csbj.2024.09.031},
    author = {Oluwafemi A. Sarumi and Dominik Heider},
}

@inproceedings{bran2025chemical,
    title={Chemical reasoning in {LLMs} unlocks steerable synthesis planning and reaction mechanism elucidation}, 
    author={Bran, Andres M. and Neukomm, Theo A. and Armstrong, Daniel P. and Jon\v{c}ev, Zlatko and Schwaller, Philippe},
    year={2025},
    booktitle={arXiv preprint arXiv:2503.08537},
}

@article{luo2025leveraging,
    author = {Luo, Feifei and Zhang, Jinglang and Wang, Qilong and Yang, Chunpeng},
    title = {Leveraging Prompt Engineering in Large Language Models for Accelerating Chemical Research},
    journal = {ACS Central Science},
    year = {2025},
    doi = {10.1021/acscentsci.4c01935},
}

@inproceedings{ren2025towards,
    title={Towards Scientific Intelligence: A Survey of {LLM}-based Scientific Agents}, 
    author={Ren, Shuo and Jian, Pu and Ren, Zhenjiang and Leng, Chunlin and Xie, Can and Zhang, Jiajun},
    year={2025},
    booktitle={arXiv preprint arXiv:2503.24047},
}

@inproceedings{zhang2024honeycomb,
    title = "{H}oney{C}omb: A Flexible {LLM}-Based Agent System for Materials Science",
    author = "Zhang, Huan  and
      Song, Yu  and
      Hou, Ziyu  and
      Miret, Santiago  and
      Liu, Bang",
    editor = "Al-Onaizan, Yaser  and
      Bansal, Mohit  and
      Chen, Yun-Nung",
    booktitle = "Findings of the Association for Computational Linguistics: EMNLP 2024",
    month = nov,
    year = "2024",
    publisher = "Association for Computational Linguistics",
    doi = "10.18653/v1/2024.findings-emnlp.192",
    pages = "3369--3382",
}

@inproceedings{barman2025large,
    title={Large Physics Models: Towards a collaborative approach with Large Language Models and Foundation Models}, 
    author={Barman, Kristian G. and Caron, Sascha and Sullivan, Emily and de Regt, Henk W. and Ruiz de Austri, Roberto and Boon, Mieke and F\"{a}rber, Michael and Fr\"{o}se, Stefan and Hasibi, Faegheh and Ipp, Andreas and Kapoor, Rukshak and Kasieczka, Gregor and Kosti\'{c}, Daniel and Kr\"{a}mer, Michael and Golling, Tobias and Lopez, Luis G and Marco, Jesus and Otten, Sydney and Pawlowski, Pawel and Vischia, Pietro and Weber, Erik and Weniger, Christoph},
    year={2025},
    booktitle={arXiv preprint arXiv:2501.05382},
}

@article{frohnert2025discovering,
    title={Discovering emergent connections in quantum physics research via dynamic word embeddings},
    author={Frohnert, Felix and Gu, Xuemei and Krenn, Mario and van Nieuwenburg, Evert},
    journal={Machine Learning: Science and Technology},
    year={2025},
    volume={6},
    number={1},
    pages={015029},
    doi={10.1088/2632-2153/adb00a},
}


@article{pan2025quantum,
	author = {Pan, Haining and Mudur, Nayantara and Taranto, William and Tikhanovskaya, Maria and Venugopalan, Subhashini and Bahri, Yasaman and Brenner, Michael P. and Kim, Eun-Ah},
	doi = {10.1038/s42005-025-01956-y},
	isbn = {2399-3650},
	journal = {Communications Physics},
	number = {1},
	pages = {49},
	title = {Quantum many-body physics calculations with large language models},
	volume = {8},
	year = {2025},
}


@article{huang2025survey,
  title={A survey on hallucination in large language models: Principles, taxonomy, challenges, and open questions},
  author={Huang, Lei and Yu, Weijiang and Ma, Weitao and Zhong, Weihong and Feng, Zhangyin and Wang, Haotian and Chen, Qianglong and Peng, Weihua and Feng, Xiaocheng and Qin, Bing and others},
  journal={ACM Transactions on Information Systems},
  volume={43},
  number={2},
  pages={1--55},
  year={2025},
  publisher={ACM New York, NY}
}

@inproceedings{gu2024interesting,
    title={Interesting Scientific Idea Generation using Knowledge Graphs and {LLMs}: Evaluations with 100 Research Group Leaders}, 
    author={Gu, Xuemei and Krenn, Mario},
    year={2024},
    booktitle={arXiv preprint arXiv:2405.17044},
}

@article{madani2023large,
	Title = {Large language models generate functional protein sequences across diverse families},
	Author = {Madani, Ali and Krause, Ben and Greene, Eric R and Subramanian, Subu and Mohr, Benjamin P and Holton, James M and Olmos, Jose Luis and Xiong, Caiming and Sun, Zachary Z and Socher, Richard and Fraser, James S and Naik, Nikhil},
	DOI = {10.1038/s41587-022-01618-2},
	Number = {8},
	Volume = {41},
	Month = {August},
	Year = {2023},
	Journal = {Nature Biotechnology},
	ISSN = {1087-0156},
	Pages = {1099--1106},
}

@article{askr2023deep,
	Title = {Deep learning in drug discovery: an integrative review and future challenges},
	Author = {Askr, Heba and Elgeldawi, Enas and Aboul Ella, Heba and Elshaier, Yaseen A M M and Gomaa, Mamdouh M and Hassanien, Aboul Ella},
	DOI = {10.1007/s10462-022-10306-1},
	Number = {7},
	Volume = {56},
	Year = {2023},
	Journal = {Artificial Intelligence Review},
	ISSN = {0269-2821},
	Pages = {5975--6037},
}

@inproceedings{pantiukhin2025accelerating,
    title={Accelerating {E}arth Science Discovery via Multi-Agent {LLM} Systems}, 
    author={Pantiukhin, Dmitrii and Shapkin, Boris and Kuznetsov, Ivan and Jost, Antonia Anna and Koldunov, Nikolay},
    year={2025},
    booktitle={arXiv preprint arXiv:2503.05854},
}

@inproceedings{ma2025embracing,
    title={Embracing Large Language Model ({LLM}) Technologies in Hydrology Research}, 
    author={Ma, Zewei and Pneg, Bin and Yue, Zhenrui and Zeng, Huimin  and Pan, Ming and Wu, Xiaocui and Yang, Jie  and Mai, Liting and Guan, Kaiyu},
    year={2025},
    booktitle={EartharXiv preprint arXiv:8738},
    doi={10.31223/X58421},
}

@inproceedings{castro2025discovering,
  title={Discovering Symbolic Cognitive Models from Human and Animal Behavior},
  author={Castro, Pablo Samuel and Tomasev, Nenad and Anand, Ankit and Sharma, Navodita and Mohanta, Rishika and Dev, Aparna and Perlin, Kuba and Jain, Siddhant and Levin, Kyle and {\'E}ltet{\H{o}}, No{\'e}mi and Dabney, Will and Novikov, Alexander and Turner, Glenn C. and Eckstein, Maria K. and Daw, Nathaniel D. and Miller, Kevin J. and Stachenfeld, Kimberly L.},
  booktitle={International Conference on Machine Learning},
  year={2025},
}

@inproceedings{verma2025grail,
  title={{GRAIL}: Graph Edit Distance and Node Alignment using LLM-Generated Code},
  author={Samidha Verma and Arushi Goyal and Ananya Mathur and Ankit Anand and Sayan Ranu},
  booktitle={International Conference on Machine Learning},
  year={2025},
}

@inproceedings{jia2024llmatdesign,
    title={{LLMatDesign}: Autonomous Materials Discovery with Large Language Models}, 
    author={Jia, Shuyi and Zhang, Chao and Fung, Victor},
    year={2024},
    booktitle={arXiv preprint arXiv:2406.13163},
}

@inproceedings{liu2025researchbench,
    title={Research{B}ench: Benchmarking {LLMs} in Scientific Discovery via Inspiration-Based Task Decomposition}, 
    author={Liu, Yujie and Yang, Zonglin and Xie, Tong and Ni, Jinjie and Gao, Ben and Li, Yuqiang and Tang, Shixiang and Ouyang, Wanli and Cambria, Erik and Zhou, Dongzhan},
    year={2025},
    booktitle={arXiv preprint arXiv:2503.21248},
}

@inproceedings{luo2025llm4sr,
    title={{LLM4SR}: A Survey on Large Language Models for Scientific Research}, 
    author={Luo, Ziming and Yang, Zonglin and Xu, Zexin and Yang, Wei and Du, Xinya},
    year={2025},
    booktitle={arXiv preprint arXiv:2501.04306},
}

@article{trinh2024solving,
  title={Solving olympiad geometry without human demonstrations},
  author={Trinh, Trieu H and Wu, Yuhuai and Le, Quoc V and He, He and Luong, Thang},
  journal={Nature},
  volume={625},
  number={7995},
  pages={476--482},
  year={2024},
  publisher={Nature Publishing Group UK London}
}

@article{lin2025eco,
  title={{ECO}: An {LLM}-Driven Efficient Code Optimizer for Warehouse Scale Computers},
  author={Lin, Hannah and Maas, Martin and Roquemore, Maximilian and Hasanzadeh, Arman and Lewis, Fred and Simonson, Yusuf and Yang, Tzu-Wei and Yazdanbakhsh, Amir and Altinb{\"u}ken, Deniz and Papa, Florin and others},
  journal={arXiv preprint arXiv:2503.15669},
  year={2025}
}

@article{chen2021evaluating,
  title={Evaluating large language models trained on code},
  author={Chen, Mark and Tworek, Jerry and Jun, Heewoo and Yuan, Qiming and Pinto, Henrique Ponde De Oliveira and Kaplan, Jared and Edwards, Harri and Burda, Yuri and Joseph, Nicholas and Brockman, Greg and others},
  journal={arXiv preprint arXiv:2107.03374},
  year={2021}
}

@article{yang2024formal,
  title={Formal mathematical reasoning: A new frontier in {AI}},
  author={Yang, Kaiyu and Poesia, Gabriel and He, Jingxuan and Li, Wenda and Lauter, Kristin and Chaudhuri, Swarat and Song, Dawn},
  journal={arXiv preprint arXiv:2412.16075},
  year={2024}
}

@article{collins2024evaluating,
  title={Evaluating language models for mathematics through interactions},
  author={Collins, Katherine M and Jiang, Albert Q and Frieder, Simon and Wong, Lionel and Zilka, Miri and Bhatt, Umang and Lukasiewicz, Thomas and Wu, Yuhuai and Tenenbaum, Joshua B and Hart, William and others},
  journal={Proceedings of the National Academy of Sciences},
  volume={121},
  number={24},
  pages={e2318124121},
  year={2024},
  publisher={National Academy of Sciences}
}

@article{yue2023mammoth,
  title={Mammoth: Building math generalist models through hybrid instruction tuning},
  author={Yue, Xiang and Qu, Xingwei and Zhang, Ge and Fu, Yao and Huang, Wenhao and Sun, Huan and Su, Yu and Chen, Wenhu},
  journal={arXiv preprint arXiv:2309.05653},
  year={2023}
}

@article{yang2023leandojo,
  title={Leandojo: Theorem proving with retrieval-augmented language models},
  author={Yang, Kaiyu and Swope, Aidan and Gu, Alex and Chalamala, Rahul and Song, Peiyang and Yu, Shixing and Godil, Saad and Prenger, Ryan J and Anandkumar, Animashree},
  journal={Advances in Neural Information Processing Systems},
  volume={36},
  pages={21573--21612},
  year={2023}
}

@article{azerbayev2023llemma,
  title={Llemma: An open language model for mathematics},
  author={Azerbayev, Zhangir and Schoelkopf, Hailey and Paster, Keiran and Santos, Marco Dos and McAleer, Stephen and Jiang, Albert Q and Deng, Jia and Biderman, Stella and Welleck, Sean},
  journal={arXiv preprint arXiv:2310.10631},
  year={2023}
}



@inproceedings{shojaee2025llmsr,
    title={{LLM-SR}: Scientific Equation Discovery via Programming with Large Language Models},
    author={Shojaee, Parshin and Meidani, Kazem and Gupta, Shashank and Farimani, Amir Barati and Reddy, Chandan K.},
    booktitle={International Conference on Learning Representations},
    year={2025},
}

@inproceedings{thakur2024context,
  title={An in-context learning agent for formal theorem-proving},
  author={Thakur, Amitayush and Tsoukalas, George and Wen, Yeming and Xin, Jimmy and Chaudhuri, Swarat},
  booktitle={Conference on Language Models},
  year={2024}
}

@inproceedings{song2025llmfeynman,
    title={{LLM-Feynman}: Leveraging Large Language Models for Universal Scientific Formula and Theory Discovery}, 
    author={Song, Zhilong and Ju, Minggang and Ren, Chunjin and Li, Qiang and Li, Chongyi and Zhou, Qionghua and Wang, Jinlan},
    year={2025},
    booktitle={arXiv preprint arXiv:2503.06512},
}

@inproceedings{yang2025moosechem,
    title={{MOOSE-Chem}: Large Language Models for Rediscovering Unseen Chemistry Scientific Hypotheses},
    author={Yang, Zonglin and Liu, Wanhao and Gao, Ben and Xie, Tong and Li, Yuqiang and Ouyang, Wanli and Poria, Soujanya and Cambria, Erik and Zhou, Dongzhan},
    booktitle={International Conference on Learning Representations},
    year={2025},
}

@article{hope2023computational,
    author = {Hope, Tom and Downey, Doug and Weld, Daniel S. and Etzioni, Oren and Horvitz, Eric},
    title = {A Computational Inflection for Scientific Discovery},
    year = {2023},
    publisher = {Association for Computing Machinery},
    volume = {66},
    number = {8},
    doi = {10.1145/3576896},
    journal = {Communications of the ACM},
    month = jul,
    pages = {62--73},
}

@inproceedings{wang2024scimon,
    title = "{S}ci{MON}: Scientific Inspiration Machines Optimized for Novelty",
    author = "Wang, Qingyun  and
      Downey, Doug  and
      Ji, Heng  and
      Hope, Tom",
    booktitle = "Proceedings of the 62nd Annual Meeting of the Association for Computational Linguistics (Volume 1: Long Papers)",
    year = "2024",
    address = "Bangkok, Thailand",
    publisher = "Association for Computational Linguistics",
    doi = "10.18653/v1/2024.acl-long.18",
    pages = "279--299",
}

@inproceedings{yang2024large,
    title = "Large Language Models for Automated Open-domain Scientific Hypotheses Discovery",
    author = "Yang, Zonglin  and
      Du, Xinya  and
      Li, Junxian  and
      Zheng, Jie  and
      Poria, Soujanya  and
      Cambria, Erik",
    booktitle = "Findings of the Association for Computational Linguistics: ACL 2024",
    year = "2024",
    publisher = "Association for Computational Linguistics",
    doi = "10.18653/v1/2024.findings-acl.804",
    pages = "13545--13565",
}

@inproceedings{sprueill2023montecarlo,
    title = "{M}onte {C}arlo Thought Search: Large Language Model Querying for Complex Scientific Reasoning in Catalyst Design",
    author = "Sprueill, Henry  and
      Edwards, Carl  and
      Olarte, Mariefel  and
      Sanyal, Udishnu  and
      Ji, Heng  and
      Choudhury, Sutanay",
    editor = "Bouamor, Houda  and
      Pino, Juan  and
      Bali, Kalika",
    booktitle = "Findings of the Association for Computational Linguistics: EMNLP 2023",
    month = dec,
    year = "2023",
    publisher = "Association for Computational Linguistics",
    doi = "10.18653/v1/2023.findings-emnlp.560",
    pages = "8348--8365",
}


@InProceedings{ma2024llm,
  title = 	 {{LLM} and Simulation as Bilevel Optimizers: A New Paradigm to Advance Physical Scientific Discovery},
  author =       {Ma, Pingchuan and Wang, Tsun-Hsuan and Guo, Minghao and Sun, Zhiqing and Tenenbaum, Joshua B. and Rus, Daniela and Gan, Chuang and Matusik, Wojciech},
  booktitle = 	 {International Conference on Machine Learning},
  pages = 	 {33940--33962},
  year = 	 {2024},
  editor = 	 {Salakhutdinov, Ruslan and Kolter, Zico and Heller, Katherine and Weller, Adrian and Oliver, Nuria and Scarlett, Jonathan and Berkenkamp, Felix},
  volume = 	 {235},
  series = 	 {Proceedings of Machine Learning Research},
  publisher =    {PMLR},
}

@inproceedings{lu2024aiscientist,
    title={The {AI} Scientist: Towards Fully Automated Open-Ended Scientific Discovery}, 
    author={Lu, Chris and Lu, Cong and Lange, Robert Tjarko and Foerster, Jakob and Clune, Jeff and Ha, David},
    year={2024},
    booktitle={arXiv preprint arXiv:2408.06292},
}

@inproceedings{surina2025algorithm,
    title={Algorithm Discovery With {LLMs}: Evolutionary Search Meets Reinforcement Learning}, 
    author={Surina, Anja and Mansouri, Amin and Quaedvlieg, Lars and Seddas, Amal and Viazovska, Maryna and Abbe, Emmanuel and Gulcehre, Caglar},
    year={2025},
    booktitle={arXiv preprint arXiv:2504.05108},
}

@inproceedings{qi2023large,
    title={Large Language Models are Zero Shot Hypothesis Proposers}, 
    author={Qi, Biqing and Zhang, Kaiyan and Li, Haoxiang and Tian, Kai and Zeng, Sihang and Chen, Zhang-Ren and Zhou, Bowen},
    year={2023},
    booktitle={arXiv preprint arXiv:2311.05965},
}

@inproceedings{sprueill2024chemreasoner,
    title={Chem{R}easoner: Heuristic Search over a Large Language Model's Knowledge Space using Quantum-Chemical Feedback}, 
    author={Sprueill, Henry W. and Edwards, Carl and Agarwal, Khushbu and Olarte, Mariefel V. and Sanyal, Udishnu and Johnston, Conrad and Liu, Hongbin and Ji, Heng and Choudhury, Sutanay},
    year={2024},
    booktitle={arXiv preprint arXiv:2402.10980},
}

@inproceedings{zhou2024hypothesis,
    title = "Hypothesis Generation with Large Language Models",
    author = "Zhou, Yangqiaoyu  and
      Liu, Haokun  and
      Srivastava, Tejes  and
      Mei, Hongyuan  and
      Tan, Chenhao",
    editor = "Peled-Cohen, Lotem  and
      Calderon, Nitay  and
      Lissak, Shir  and
      Reichart, Roi",
    booktitle = "Proceedings of the 1st Workshop on NLP for Science (NLP4Science)",
    year = "2024",
    publisher = "Association for Computational Linguistics",
    doi = "10.18653/v1/2024.nlp4science-1.10",
    pages = "117--139",
}

@inproceedings{wang2024researchagent,
    title={Research{A}gent: Iterative Research Idea Generation over Scientific Literature with Large Language Models}, 
    author={Wang, Haorui and Skreta,  Marta and Ser, Cher-Tian and Gao, Wenhao and Kong, Lingkai and Strieth-Kalthoff, Felix and Duan, Chenru and Zhuang,  Yuchen and Yu, Yue and Zhu, Yanqiao and Du, Yuanqi and Aspuru-Guzik, Al\'{a}n and Neklyudov, Kirill and Zhang, Chao},
    year={2024},
    booktitle={arXiv preprint arXiv:2406.16976},
}

@inproceedings{li2024mlrcopilot,
    title={{MLR-Copilot}: Autonomous Machine Learning Research based on Large Language Models Agents}, 
    author={Li, Ruochen and Patel, Teerth and Wang, Qingyun and Du, Xinya},
    year={2024},
    booktitle={arXiv preprint arXiv:2408.14033},
}

@inproceedings{si2025canllms,
    title={Can {LLMs} Generate Novel Research Ideas? A Large-Scale Human Study with 100+ {NLP} Researchers},
    author={Si, Chenglei and Yang, Diyi and Hashimoto, Tatsunori},
    booktitle={International Conference on Learning Representations},
    year={2025},
}

@journal{ghafarollahi2024sciagents,
    title={Sci{A}gents: Automating scientific discovery through multi-agent intelligent graph reasoning},
    author={Ghafarollahi, Alireza and Buehler, Markus J.},
    year={2024},
    doi={10.1002/adma.202413523},
    journal={Advanced Materials},
}

@inproceedings{radensky2024scideator,
    title={Scideator: Human-LLM Scientific Idea Generation Grounded in Research-Paper Facet Recombination},
    author={Radensky, Marissa and Shahid, Simra and Fok, Raymond and Siangliulue, Pao and Hope, Tom and Weld, Daniel S.},
    year={2024},
    booktitle={arXiv preprint arXiv:2409.14634},
}

@inproceedings{su2024many,
    title={Many Heads Are Better Than One: Improved Scientific Idea Generation by A {LLM}-Based Multi-Agent System},
    author={Su, Haoyang and Chen, Renqi and Tang, Shixiang and Yin, Zhenfei and Zheng, Xinzhe and Li, Jinzhe and Qi, Biqing and Wu, Qi and Li, Hui and Ouyang, Wanli and Torr, Philip and Zhou, Bowen and Dong, Nanqing},
    year={2024},
    booktitle={arXiv preprint arXiv:2410.09403},
}

@inproceedings{li2024chain,
    title={Chain of Ideas: Revolutionizing Research Via Novel Idea Development with {LLM} Agents},
    author={Li, Long and Xu, Weiwen and Guo, Jiayan and Zhao, Ruochen and Li, Xingxuan and Yuan, Yuqian and Zhang, Boqiang and Jiang, Yuming and Xin, Yifei and Dang, Ronghao and Zhao, Deli and Rong, Yu and Feng, Tian and Bing, Lidong},
    year={2024},
    booktitle={arXiv preprint arXiv:2410.13185},
}

@inproceedings{hi2024nova,
    title={Nova: An Iterative Planning and Search Approach to Enhance Novelty and Diversity of {LLM} Generated Ideas},
    author={Hi, Xiang and Fu, Hongyu and Wang, Jinge and Wang, Yifeng and Li, Zhikun and Xu, Renjun and Lu, Yu and Jin, Yaochu and Pan, Lili and Lan, Zhenzhong},
    year={2024},
    booktitle={arXiv preprint arXiv:2410.14255},
}

@inproceedings{weng2025cycle,
    title={Cycle{R}esearcher: Improving Automated Research via Automated Review},
    author={Weng, Yixuan and Zhu, Minjun and Bao, Guangsheng and Zhang, Hongbo and Wang, Jindong and Zhang, Yue and Yang, Linyi},
    booktitle={International Conference on Learning Representations},
    year={2025},
}

@inproceedings{wang2024scipip,
    title={{SciPIP}: An {LLM}-based Scientific Paper Idea Proposer},
    author={Wang, Wenxiao and Gu, Lihui and Zhang, Liye and Luo, Yunxiang and Dai, Yi and Shen, Chen and Xie, Liang and Lin, Binbin and He, Xiaofei and Ye, Jieping},
    year={2024},
    booktitle={arXiv preprint arXiv:2410.23166},
}

@inproceedings{pu2024ideasynth,
    title={Idea{S}ynth: Iterative Research Idea Development Through Evolving and Composing Idea Facets with Literature-Grounded Feedback},
    author={Pu, Kevin Pu and Feng, K. J. Kevin and Grossman, Tovi and Hope, Tom and Mishra, Bhavana Dalvi and Latzke, Matt and Bragg, Jonathan and Chang, Joseph Chee and Siangliulue, Pao},
    year={2024},
    booktitle={arXiv preprint arXiv:2410.04025},
}

@inproceedings{dong2023large,
    title={Large Language Model for Science: A Study on {P} vs. {NP}},
    author={Dong, Qingxiu and Dong, Li and Xu, Ke and Zhou, Guangyan and Hao, Yaru and Sui, Zhifang and Wei, Furu},
    year={2023},
    booktitle={arXiv preprint arXiv:2309.05689},
}

@inproceedings{liu2024literature,
    title={Literature Meets Data: A Synergistic Approach to Hypothesis Generation},
    author={Liu, Haokun and Zhou, Yangqiaoyu and Li, Mingxuan and Yuan, Chenfei and Tan, Chenhao},
    year={2024},
    booktitle={arXiv preprint arXiv:2410.17309},
}

@inproceedings{li2024learning,
    title={Learning to Generate Research Idea with Dynamic Control},
    author={Li, Ruochen and Jing, Liqiang and Han, Chi and Zhou, Jiawei and Du, Xinya},
    year={2024},
    booktitle={arXiv preprint arXiv:2412.14626},
}

@inproceedings{shen2023hugginggpt,
    title={{HuggingGPT}: Solving {AI} Tasks with {ChatGPT} and its Friends in {H}ugging {F}ace},
    author={Shen, Yongliang and Song, Kaitao and Tan, Xu and Li, Dongsheng and Lu, Weiming and Zhuang, Yueting},
    booktitle={Advances in Neural Information Processing Systems},
    year={2023},
}

@inproceedings{huang2024crisprgpt,
    title={{CRISPR-GPT}: An {LLM} Agent for Automated Design of Gene-Editing Experiments},
    author={Huang, Kaixuan and Qu, Yuanhao and Cousins, Henry and Johnson, William A. and Yin, Di and Shah, Mihir and Zhou, Denny and Altman, Russ and Wang, Mengdi and Cong, Le},
    year={2024},
    booktitle={arXiv preprint arXiv:2404.18021},
}

@article{bran2024augmenting,
	author = {Bran, Andres M. and Cox, Sam and Schilter, Oliver and Baldassari, Carlo and White, Andrew D. and Schwaller, Philippe},
	doi = {10.1038/s42256-024-00832-8},
	isbn = {2522-5839},
	journal = {Nature Machine Intelligence},
	number = {5},
	pages = {525--535},
	title = {Augmenting large language models with chemistry tools},
	volume = {6},
	year = {2024},
}


@article{boiko2023autonomous,
	author = {Boiko, Daniil A. and MacKnight, Robert and Kline, Ben and Gomes, Gabe},
	doi = {10.1038/s41586-023-06792-0},
	isbn = {1476-4687},
	journal = {Nature},
	number = {7992},
	pages = {570--578},
	title = {Autonomous chemical research with large language models},
	volume = {624},
	year = {2023},
}

@article{ruan2024automatic,
	author = {Ruan, Yixiang and Lu, Chenyin and Xu, Ning and He, Yuchen and Chen, Yixin and Zhang, Jian and Xuan, Jun and Pan, Jianzhang and Fang, Qun and Gao, Hanyu and Shen, Xiaodong and Ye, Ning and Zhang, Qiang and Mo, Yiming},
	doi = {10.1038/s41467-024-54457-x},
	id = {Ruan2024},
	isbn = {2041-1723},
	journal = {Nature Communications},
	number = {1},
	pages = {10160},
	title = {An automatic end-to-end chemical synthesis development platform powered by large language models},
	url = {https://doi.org/10.1038/s41467-024-54457-x},
	volume = {15},
	year = {2024},
}

@inproceedings{wu2023autogen,
    title={Auto{G}en: Enabling Next-Gen {LLM} Applications via Multi-Agent Conversation},
    author={Wu, Qingyun and Bansal, Gagan and Zhang, Jieyu and Wu, Yiran and Li, Beibin and Zhu, Erkang and Jiang, Li and Zhang, Xiaoyun and Zhang, Shaokun and Liu, Jiale and Awadallah, Ahmed Hassan and White, Ryen W. and Burger, Doug and Wang, Chi},
    year={2023},
    booktitle={arXiv preprint arXiv:2308.08155},
}

@inproceedings{li2024simulating,
    title = "Simulating Expert Discussions with Multi-agent for Enhanced Scientific Problem Solving",
    author = "Li, Ziyue  and
      Chang, Yuan  and
      Le, Xiaoqiu",
    editor = "Ghosal, Tirthankar  and
      Singh, Amanpreet  and
      Waard, Anita  and
      Mayr, Philipp  and
      Naik, Aakanksha  and
      Weller, Orion  and
      Lee, Yoonjoo  and
      Shen, Shannon  and
      Qin, Yanxia",
    booktitle = "Proceedings of the Fourth Workshop on Scholarly Document Processing (SDP 2024)",
    month = aug,
    year = "2024",
    publisher = "Association for Computational Linguistics",
    url = "https://aclanthology.org/2024.sdp-1.23/",
    pages = "243--256",
}

@inproceedings{wang2025efficient,
    title={Efficient Evolutionary Search Over Chemical Space with Large Language Models},
    author={Wang, Haorui and Skreta, Marta and Ser, Cher Tian and Gao, Wenhao and Kong, Lingkai and Strieth-Kalthoff, Felix and Duan, Chenru and Zhuang, Yuchen and Yu, Yue and Zhu, Yanqiao and Du, Yuanqi and Aspuru-Guzik, Alan and Neklyudov, Kirill and Zhang, Chao},
    booktitle={International Conference on Learning Representations},
    year={2025},
}

@inproceedings{liu2024conversational,
    title={Conversational Drug Editing Using Retrieval and Domain Feedback},
    author={Liu, Shengchao and Wang, Jiongxiao and Yang, Yijin and Wang, Chengpeng and Liu, Ling and Guo, Hongyu and Xiao, Chaowei},
    booktitle={International Conference on Learning Representations},
    year={2024},
}

@inproceedings{ye2023drugassist,
    title={Drug{A}ssist: A Large Language Model for Molecule Optimization},
    author={Ye, Geyan and Cai, Xibao and Lai, Houtim and Wang, Xing and Huang, Junhong and Wang, Longyue and Liu, Wei and Zeng, Xiangxiang},
    year={2023},
    booktitle={arXiv preprint arXiv:2401.10334},
}

@article{rives2021biological,
    author = {Rives, Alexander and Meier, Joshua  and Sercu, Tom and Goyal, Siddharth and Lin, Zeming and Liu, Jason and Guo, Demi and Ott, Myle and Zitnick, C. Lawrence and Ma, Jerry and Fergus, Rob},
    title = {Biological structure and function emerge from scaling unsupervised learning to 250 million protein sequences},
    journal = {Proceedings of the National Academy of Sciences},
    volume = {118},
    number = {15},
    pages = {e2016239118},
    year = {2021},
    doi = {10.1073/pnas.2016239118},
}

@article{lin2023evolutionary,
    author = {Zeming Lin  and Halil Akin  and Roshan Rao  and Brian Hie  and Zhongkai Zhu  and Wenting Lu  and Nikita Smetanin  and Robert Verkuil  and Ori Kabeli  and Yaniv Shmueli  and Allan dos Santos Costa  and Maryam Fazel-Zarandi  and Tom Sercu  and Salvatore Candido  and Alexander Rives },
    title = {Evolutionary-scale prediction of atomic-level protein structure with a language model},
    journal = {Science},
    volume = {379},
    number = {6637},
    pages = {1123--1130},
    year = {2023},
    doi = {10.1126/science.ade2574},
}

@article{ferruz2022controllable,
	author = {Ferruz, Noelia and H{\"o}cker, Birte},
	date = {2022/06/01},
	journal = {Nature Machine Intelligence},
	number = {6},
	pages = {521--532},
	title = {Controllable protein design with language models},
	volume = {4},
	year = {2022},
}

@article{he2024denovo,
	author = {He, Haohuai and He, Bing and Guan, Lei and Zhao, Yu and Jiang, Feng and Chen, Guanxing and Zhu, Qingge and Chen, Calvin Yu-Chian and Li, Ting and Yao, Jianhua},
	doi = {10.1038/s41467-024-50903-y},
	journal = {Nature Communications},
	number = {1},
	pages = {6867},
	title = {De novo generation of SARS-CoV-2 antibody CDRH3 with a pre-trained generative large language model},
	volume = {15},
	year = {2024},
}

@article{rasheed2024canlarge,
    title={Can Large Language Models Serve as Data Analysts? A Multi-Agent Assisted Approach for Qualitative Data Analysis},
    author={Zeeshan Rasheed and Muhammad Waseem and Aakash Ahmad and Kai-Kristian Kemell and Wang Xiaofeng and Duc, Anh Nguyen and Pekka Abrahamsson},
    year={2024},
    journal={arXiv preprint arXiv:2402.01386},
}

@Inbook{lehman2024evolution,
    author="Lehman, Joel
    and Gordon, Jonathan
    and Jain, Shawn
    and Ndousse, Kamal
    and Yeh, Cathy
    and Stanley, Kenneth O.",
    title="Evolution Through Large Models",
    bookTitle="Handbook of Evolutionary Machine Learning",
    year="2024",
    publisher="Springer Nature Singapore",
    pages="331--366",
    doi="10.1007/978-981-99-3814-8\_11",
}

@inproceedings{yang2024llms,
    title={Large Language Models as Optimizers},
    author={Chengrun Yang and Xuezhi Wang and Yifeng Lu and Hanxiao Liu and Quoc V. Le and Denny Zhou and Xinyun Chen},
    booktitle={International Conference on Learning Representations},
    year={2024},
}

@article{liu2023large,
    title={Large Language Models as Evolutionary Optimizers},
    author={Shengcai Liu and Caishun Chen and Xinghua Qu and Ke Tang and Yew-Soon Ong},
    year={2023},
    booktitle={arXiv preprint arXiv:2310.19046},
}

@article{fernando2023promptbreeder,
    title={Promptbreeder: Self-Referential Self-Improvement Via Prompt Evolution},
    author={Chrisantha Fernando and Dylan Banarse and Henryk Michalewski and Simon Osindero and Tim Rockt\"{a}schel},
    year={2023},
    journal={arXiv preprint arXiv:2309.16797},
}

@inproceedings{ma2024eureka,
    title={Eureka: Human-Level Reward Design via Coding Large Language Models},
    author={Yecheng Jason Ma and William Liang and Guanzhi Wang and De-An Huang and Osbert Bastani and Dinesh Jayaraman and Yuke Zhu and Linxi Fan and Anima Anandkumar},
    booktitle={International Conference on Learning Representations},
    year={2024},
}

@inproceedings{aglietti2025funbo,
    title={{FunBO}: Discovering Acquisition Functions for {B}ayesian Optimization with {F}un{S}earch},
    author={Aglietti, Virginia and Ktena, Ira and Schrouff, Jessica and Sgouritsa, Eleni and Ruiz, Francisco J. R. and Malek,  Alan and Bellot, Alexis and Chiappa, Silvia},
    year={2025},
    booktitle={International Conference on Machine Learning},
}

@article{velickovic2024amplifying,
    title={Amplifying human performance in combinatorial competitive programming},
    author={Petar Veli\v{c}kovi\'{c} and Alex Vitvitskyi and Larisa Markeeva and Borja Ibarz and Lars Buesing and Matej Balog and Alexander Novikov},
    year={2024},
    booktitle={arXiv preprint arXiv:2411.19744},
}

@article{liu2023algorithm,
    title={Algorithm Evolution Using Large Language Model},
    author={Fei Liu and Xialiang Tong and Mingxuan Yuan and Qingfu Zhang},
    year={2023},
    booktitle={arXiv preprint arXiv:2311.15249},
}

@article{liu2024evolution,
    title={Evolution of Heuristics: Towards Efficient Automatic Algorithm Design Using Large Language Model},
    author={Fei Liu and Xialiang Tong and Mingxuan Yuan and Xi Lin and Fu Luo and Zhenkun Wang and Zhichao Lu and Qingfu Zhang},
    year={2024},
    journal={arXiv preprint arXiv:2401.02051},
}

@inproceedings{ye2024reevo,
 author = {Ye, Haoran and Wang, Jiarui and Cao, Zhiguang and Berto, Federico and Hua, Chuanbo and Kim, Haeyeon and Park, Jinkyoo and Song, Guojie},
 booktitle = {Advances in Neural Information Processing Systems},
 title = {{ReEvo}: Large Language Models as Hyper-Heuristics with Reflective Evolution},
 volume = {37},
 year = {2024}
}

@inproceedings{yao2025multiobjective,
    title={Multi-Objective Evolution of Heuristic Using Large Language Model},
    volume={39},
    DOI={10.1609/aaai.v39i25.34922},
    booktitle={AAAI Conference on Artificial Intelligence},
    author={Yao, Shunyu and Liu, Fei and Lin, Xi and Lu, Zhichao and Wang, Zhenkun and Zhang, Qingfu},
    year={2025},
    pages={27144--27152},
}

@article{jumper2021highly,
	author = {Jumper, John and Evans, Richard and Pritzel, Alexander and Green, Tim and Figurnov, Michael and Ronneberger, Olaf and Tunyasuvunakool, Kathryn and Bates, Russ and {\v Z}{\'\i}dek, Augustin and Potapenko, Anna and Bridgland, Alex and Meyer, Clemens and Kohl, Simon A. A. and Ballard, Andrew J. and Cowie, Andrew and Romera-Paredes, Bernardino and Nikolov, Stanislav and Jain, Rishub and Adler, Jonas and Back, Trevor and Petersen, Stig and Reiman, David and Clancy, Ellen and Zielinski, Michal and Steinegger, Martin and Pacholska, Michalina and Berghammer, Tamas and Bodenstein, Sebastian and Silver, David and Vinyals, Oriol and Senior, Andrew W. and Kavukcuoglu, Koray and Kohli, Pushmeet and Hassabis, Demis},
	doi = {10.1038/s41586-021-03819-2},
	journal = {Nature},
	number = {7873},
	pages = {583--589},
	title = {Highly accurate protein structure prediction with {A}lpha{F}old},
	volume = {596},
	year = {2021},
}

@article{fawzi2022discovering,
	author = {Fawzi, Alhussein and Balog, Matej and Huang, Aja and Hubert, Thomas and Romera-Paredes, Bernardino and Barekatain, Mohammadamin and Novikov, Alexander and Ruiz, Francisco J. R. and Schrittwieser, Julian and Swirszcz, Grzegorz and Silver, David and Hassabis, Demis and Kohli, Pushmeet},
	doi = {10.1038/s41586-022-05172-4},
	journal = {Nature},
	number = {7930},
	pages = {47--53},
	title = {Discovering faster matrix multiplication algorithms with reinforcement learning},
	volume = {610},
	year = {2022},
}

@article{ruiz2025quantum,
	author = {Ruiz, Francisco J. R. and Laakkonen, Tuomas and Bausch, Johannes and Balog, Matej and Barekatain, Mohammadamin and Heras, Francisco J. H. and Novikov, Alexander and Fitzpatrick, Nathan and Romera-Paredes, Bernardino and van de Wetering, John and Fawzi, Alhussein and Meichanetzidis, Konstantinos and Kohli, Pushmeet},
	doi = {10.1038/s42256-025-01001-1},
	journal = {Nature Machine Intelligence},
	number = {3},
	pages = {374--385},
	title = {Quantum circuit optimization with {A}lpha{T}ensor},
	volume = {7},
	year = {2025},
}

@article{bausch2024learning,
	author = {Bausch, Johannes and Senior, Andrew W. and Heras, Francisco J. H. and Edlich, Thomas and Davies, Alex and Newman, Michael and Jones, Cody and Satzinger, Kevin and Niu, Murphy Yuezhen and Blackwell, Sam and Holland, George and Kafri, Dvir and Atalaya, Juan and Gidney, Craig and Hassabis, Demis and Boixo, Sergio and Neven, Hartmut and Kohli, Pushmeet},
	doi = {10.1038/s41586-024-08148-8},
	journal = {Nature},
	number = {8040},
	pages = {834--840},
	title = {Learning high-accuracy error decoding for quantum processors},
	volume = {635},
	year = {2024},
}

@article{cheng2023accurate,
    author = {Jun Cheng  and Guido Novati  and Joshua Pan  and Clare Bycroft  and Akvilė Žemgulytė  and Taylor Applebaum  and Alexander Pritzel  and Lai Hong Wong  and Michal Zielinski  and Tobias Sargeant  and Rosalia G. Schneider  and Andrew W. Senior  and John Jumper  and Demis Hassabis  and Pushmeet Kohli  and \u{Z}iga Avsec },
    title = {Accurate proteome-wide missense variant effect prediction with {A}lpha{M}issense},
    journal = {Science},
    volume = {381},
    number = {6664},
    pages = {eadg7492},
    year = {2023},
    doi = {10.1126/science.adg7492},
}

@misc{hubert2024ai,
  author = {{AlphaProof and AlphaGeometry teams}},
  title = {{AI} achieves silver-medal standard solving {I}nternational {M}athematical {O}lympiad problems},
  year = 2024,
  url = {https://deepmind.google/discover/blog/ai-solves-imo-problems-at-silver-medal-level},
  urldate = {2024-07-24},
}

@misc{chen2025automating,
  author = {Terry Chen and Bing Xu and Kirthi Devleker},
  title = {Automating {GPU} Kernel Generation with {DeepSeek-R1} and Inference Time Scaling},
  year = 2025,
  url={https://developer.nvidia.com/blog/automating-gpu-kernel-generation-with-deepseek-r1-and-inference-time-scaling},
  urldate = {2025-02-12},
}

@article{li2022competitionlevel,
    author = {Yujia Li  and David Choi  and Junyoung Chung  and Nate Kushman  and Julian Schrittwieser  and Rémi Leblond  and Tom Eccles  and James Keeling  and Felix Gimeno  and Agustin Dal Lago  and Thomas Hubert  and Peter Choy  and Cyprien de Masson d’Autume  and Igor Babuschkin  and Xinyun Chen  and Po-Sen Huang  and Johannes Welbl  and Sven Gowal  and Alexey Cherepanov  and James Molloy  and Daniel J. Mankowitz  and Esme Sutherland Robson  and Pushmeet Kohli  and Nando de Freitas  and Koray Kavukcuoglu  and Oriol Vinyals },
    title = {Competition-level code generation with {A}lpha{C}ode},
    journal = {Science},
    volume = {378},
    number = {6624},
    pages = {1092-1097},
    year = {2022},
    doi = {10.1126/science.abq1158},
}

@article{mankowitz2023faster,
	author = {Mankowitz, Daniel J. and Michi, Andrea and Zhernov, Anton and Gelmi, Marco and Selvi, Marco and Paduraru, Cosmin and Leurent, Edouard and Iqbal, Shariq and Lespiau, Jean-Baptiste and Ahern, Alex and K{\"o}ppe, Thomas and Millikin, Kevin and Gaffney, Stephen and Elster, Sophie and Broshear, Jackson and Gamble, Chris and Milan, Kieran and Tung, Robert and Hwang, Minjae and Cemgil, Taylan and Barekatain, Mohammadamin and Li, Yujia and Mandhane, Amol and Hubert, Thomas and Schrittwieser, Julian and Hassabis, Demis and Kohli, Pushmeet and Riedmiller, Martin and Vinyals, Oriol and Silver, David},
	doi = {10.1038/s41586-023-06004-9},
	journal = {Nature},
	number = {7964},
	pages = {257--263},
	title = {Faster sorting algorithms discovered using deep reinforcement learning},
	volume = {618},
	year = {2023},
}

@article{lam2023learning,
    author = {Remi Lam  and Alvaro Sanchez-Gonzalez and Matthew Willson  and Peter Wirnsberger  and Meire Fortunato  and Ferran Alet  and Suman Ravuri  and Timo Ewalds  and Zach Eaton-Rosen  and Weihua Hu  and Alexander Merose  and Stephan Hoyer  and George Holland  and Oriol Vinyals  and Jacklynn Stott  and Alexander Pritzel  and Shakir Mohamed  and Peter Battaglia },
    title = {Learning skillful medium-range global weather forecasting},
    journal = {Science},
    volume = {382},
    number = {6677},
    pages = {1416-1421},
    year = {2023},
    doi = {10.1126/science.adi2336},
}

@inproceedings{lu2024discovering,
    title={Discovering Preference Optimization Algorithms with and for Large Language Models}, 
    author={Chris Lu and Samuel Holt and Claudio Fanconi and Alex J. Chan and Jakob Foerster and Mihaela van der Schaar and Robert Tjarko Lange},
    year={2024},
    booktitle={arXiv preprint arXiv:2406.08414},
}

@techreport{lange2025aicuda,
    title = {The {AI} {CUDA} Engineer: Agentic {CUDA} Kernel Discovery, Optimization and Composition},
    author = {Lange, Robert Tjarko and Prasad, Aaditya and Sun, Qi and Faldor, Maxence and Tang, Yujin and Ha, David},
    year = {2025},
    institution = {Sakana AI},
    month = {02},
}

@inproceedings{song2024leverage,
    title={Position: Leverage Foundational Models for Black-Box Optimization},
    author={Xingyou Song and Yingtao Tian and Robert Tjarko Lange and Chansoo Lee and Yujin Tang and Yutian Chen},
    booktitle={International Conference on Machine Learning},
    year={2024},
}

@inproceedings{chen2023evoprompting,
    title={Evo{P}rompting: Language Models for Code-Level Neural Architecture Search},
    author={Angelica Chen and David M. Dohan and David R. So},
    booktitle={Advances in Neural Information Processing Systems},
    year={2023},
}

@inproceedings{holt2024automatically,
    title={Automatically Learning Hybrid Digital Twins of Dynamical Systems},
    author={Samuel Holt and Tennison Liu and Mihaela van der Schaar},
    booktitle={Advances in Neural Information Processing Systems},
    year={2024},
}

@inproceedings{lange2024large,
    author = {Lange, Robert and Tian, Yingtao and Tang, Yujin},
    title = {Large Language Models As Evolution Strategies},
    year = {2024},
    publisher = {Association for Computing Machinery},
    doi = {10.1145/3638530.3654238},
    booktitle = {Proceedings of the Genetic and Evolutionary Computation Conference Companion},
    pages = {579--582},
    series = {GECCO '24 Companion},
}

@inproceedings{lim2024large,
    title={Large Language Models as In-context {AI} Generators for Quality-Diversity}, 
    author={Bryan Lim and Manon Flageat and Antoine Cully},
    year={2024},
    booktitle={arXiv preprint arXiv:2404.15794},
}



@article{gonccalves2017hermite,
  title={Hermite polynomials, linear flows on the torus, and an uncertainty principle for roots},
  author={Gon{\c{c}}alves, Felipe and e Silva, Diogo Oliveira and Steinerberger, Stefan},
  journal={Journal of Mathematical Analysis and Applications},
  volume={451},
  number={2},
  pages={678--711},
  year={2017},
  publisher={Elsevier}
}


@article{cohn2003new,
  title={New upper bounds on sphere packings I},
  author={Cohn, Henry and Elkies, Noam},
  journal={Annals of mathematics},
  pages={689--714},
  year={2003},
  publisher={JSTOR}
}


@article{levenshtein1979bounds,
  title={On bounds for packings in n-dimensional {E}uclidean space},
  author={Levenshtein, Vladimir Iosifovich},
  booktitle={Doklady Akademii Nauk},
  volume={245},
  number={6},
  pages={1299--1303},
  year={1979},
  organization={Russian Academy of Sciences}
}


@article{keich1999lp,
  title={On $L^p$ bounds for {K}akeya maximal functions and the {M}inkowski dimension in $R^2$},
  author={Keich, Uri},
  journal={Bulletin of the London Mathematical Society},
  volume={31},
  number={2},
  pages={213--221},
  year={1999},
  publisher={Cambridge University Press}
}


@article{cloninger2017suprema,
  title={On suprema of autoconvolutions with an application to {S}idon sets},
  author={Cloninger, Alexander and Steinerberger, Stefan},
  journal={Proceedings of the American Mathematical Society},
  volume={145},
  number={8},
  pages={3191--3200},
  year={2017}
}


@article{matolcsi2010improved,
  title={Improved bounds on the supremum of autoconvolutions},
  author={Matolcsi, M{\'a}t{\'e} and Vinuesa, Carlos},
  journal={Journal of mathematical analysis and applications},
  volume={372},
  number={2},
  pages={439--447},
  year={2010},
  publisher={Elsevier}
}

@phdthesis{vinuesa2010generalized,
  title={Generalized {S}idon sets},
  author={Vinuesa del Rio, Carlos},
  year={2010},
  school={Universidad Aut{\'o}noma de Madrid}
}

@article{white2023new,
  title={A new bound for {E}rd{\H{o}}s’ minimum overlap problem},
  author={White, Ethan Patrick},
  journal={Acta Arithmetica},
  volume={208},
  pages={235--255},
  year={2023},
  publisher={Instytut Matematyczny Polskiej Akademii Nauk}
}


@article{haugland2016minimum,
  title={The minimum overlap problem revisited},
  author={Haugland, Jan Kristian},
  journal={arXiv preprint arXiv:1609.08000},
  year={2016}
}


@article{gyarmati2007sums,
  title={Sums and differences of finite sets},
  author={Gyarmati, Katalin and Hennecart, Fran{\c{c}}ois and Ruzsa, Imre Z},
  journal={Functiones et Approximatio Commentarii Mathematici},
  volume={37},
  number={1},
  pages={175--186},
  year={2007},
  publisher={Adam Mickiewicz University, Faculty of Mathematics and Computer Science}
}


@misc{geometry_collection,
  title = {Erich's {P}acking {C}enter},
  howpublished = {\url{https://erich-friedman.github.io/packing/}},
  note = {Accessed: 2025-04-22},
  author = {Erich Friedman},
  year = {2025}
}

@article{laderman,
author = {Julian D. Laderman},
title = {{A noncommutative algorithm for multiplying $3 \times 3$ matrices using 23 multiplications}},
volume = {82},
journal = {Bulletin of the American Mathematical Society},
number = {1},
publisher = {American Mathematical Society},
pages = {126 -- 128},
year = {1976},
}

@misc{smirnov2021,
  title        = {Several Bilinear Algorithms for Matrix Multiplication Problems $\langle3, {P}, {Q}\rangle$},
  author       = {Smirnov, Alexey},
  howpublished = {\url{https://www.researchgate.net/publication/350897049_Several_Bilinear_Algorithms_for_Matrix_Multiplication_Problems_3_P_Q}},
  year = {2021},
  month = {04},
}

@misc{smirnov2022,
  title        = {Bilinear Algorithm for Matrix Multiplication $\langle 4\times4\times9; 104 \rangle$. An irreducibly irrational solution of the Brent system?},
  author       = {Smirnov, Alexey},
  howpublished = {\url{https://www.researchgate.net/publication/364167198_Bilinear_Algorithm_for_Matrix_Multiplication_4x4x9_104_An_irreducibly_irrational_solution_of_the_Brent_system}},
  year         = {2022},
  month = {10}
}


@article{hopcroft,
    author = {Hopcroft, J. E. and Kerr, L. R.},
    title = {On Minimizing the Number of Multiplications Necessary for Matrix Multiplication},
    year = {1971},
    issue_date = {Jan 1971},
    publisher = {Society for Industrial and Applied Mathematics},
    address = {USA},
    volume = {20},
    number = {1},
    issn = {0036-1399},
    doi = {10.1137/0120004},
    journal = {SIAM J. Appl. Math.},
    month = jan,
    pages = {30–36},
    numpages = {7}
}

@article{Kauers_2025,
    author = {Kauers, Manuel and Moosbauer, Jakob},
    title = {Some New Non-Commutative Matrix Multiplication Algorithms of Size $(n, m, 6)$},
    year = {2025},
    issue_date = {March 2024},
    publisher = {Association for Computing Machinery},
    address = {New York, NY, USA},
    volume = {58},
    number = {1},
    issn = {1932-2232},
    doi = {10.1145/3712020.3712021},
    journal = {ACM Commun. Comput. Algebra},
    month = jan,
    pages = {1–11},
    numpages = {11}
}

@article{flip_graphs_with_symmetry,
  title={Flip Graphs with Symmetry and New Matrix Multiplication Schemes},
  author={Jakob Moosbauer and Michael Poole},
  journal={arXiv preprint arXiv:2502.04514},
  year={2025}
}

@inproceedings{kissing_11,
  title={Highly symmetric lines},
  author={Mikhail Ganzhinov},
  booktitle={arXiv preprint arXiv:2207.08266v1},
  year={2022},
}

@article{davies2021advancing,
	author = {Davies, Alex and Veli{\v c}kovi{\'c}, Petar and Buesing, Lars and Blackwell, Sam and Zheng, Daniel and Toma{\v s}ev, Nenad and Tanburn, Richard and Battaglia, Peter and Blundell, Charles and Juh{\'a}sz, Andr{\'a}s and Lackenby, Marc and Williamson, Geordie and Hassabis, Demis and Kohli, Pushmeet},
	doi = {10.1038/s41586-021-04086-x},
	journal = {Nature},
	number = {7887},
	pages = {70--74},
	title = {Advancing mathematics by guiding human intuition with {AI}},
	volume = {600},
	year = {2021},
}


@article{katz1999bounds,
  title={Bounds on arithmetic projections, and applications to the Kakeya conjecture},
  author={Katz, Nets Hawk and Tao, Terence},
  journal={preprint},
  year={1999},
  publisher={Citeseer}
}


@article{shinn2023reflexion,
  title={Reflexion: Language agents with verbal reinforcement learning},
  author={Shinn, Noah and Cassano, Federico and Gopinath, Ashwin and Narasimhan, Karthik and Yao, Shunyu},
  journal={Advances in Neural Information Processing Systems},
  volume={36},
  pages={8634--8652},
  year={2023}
}

@inproceedings{yao2023react,
  title={React: Synergizing reasoning and acting in language models},
  author={Yao, Shunyu and Zhao, Jeffrey and Yu, Dian and Du, Nan and Shafran, Izhak and Narasimhan, Karthik and Cao, Yuan},
  booktitle={International Conference on Learning Representations (ICLR)},
  year={2023}
}

@article{erdHos1955some,
  title={Some remarks on number theory},
  author={Erd{\H{o}}s, Paul},
  journal={Riveon Lematematika},
  volume={9},
  pages={45--48},
  year={1955}
}


@misc{o3,
  author = {OpenAI},
  title = {Introducing {OpenAI} o3 and o4-mini},
  year = 2025,
  url = {https://openai.com/index/introducing-o3-and-o4-mini/},
  urldate = {2025-04-16},
}

@misc{gemini25,
  author = {{Gemini team}},
  title = {Gemini 2.5: Our most intelligent {AI} model},
  year = 2025,
  url = {https://blog.google/technology/google-deepmind/gemini-model-thinking-updates-march-2025},
  urldate = {2025-03-25},
}

@inproceedings{43438,
    author = {Verma, Abhishek and Pedrosa, Luis and Korupolu, Madhukar and Oppenheimer, David and Tune, Eric and Wilkes, John},
    title = {Large-scale cluster management at {G}oogle with {B}org},
    year = {2015},
    isbn = {9781450332385},
    publisher = {Association for Computing Machinery},
    address = {New York, NY, USA},
    doi = {10.1145/2741948.2741964},
    booktitle = {Proceedings of the Tenth European Conference on Computer Systems},
    articleno = {18},
    numpages = {17},
    location = {Bordeaux, France},
    series = {EuroSys '15}
}

@article{koza1994genetic,
	author = {Koza, John R.},
	doi = {10.1007/BF00175355},
	journal = {Statistics and Computing},
	number = {2},
	pages = {87--112},
	title = {Genetic programming as a means for programming computers by natural selection},
	volume = {4},
	year = {1994},
}

@book{banzhaf1998genetic,
    author = {Banzhaf, Wolfgang and Nordin, Peter and Keller, Robert E. and Francone, Frank D.},
    year = {1998},
    title = {Genetic Programming: An Introduction on the Automatic Evolution of computer programs and its Applications},
    publisher = {The {M}organ {K}aufmann {S}eries in {A}rtificial {I}ntelligence},
}

@article{chen2023symbolic,
  author={Xiangning Chen and Chen Liang and Da Huang and Esteban Real and Kaiyuan Wang and Hieu Pham and Xuanyi Dong and Thang Luong and Cho-Jui Hsieh and Yifeng Lu and Quoc V. Le},
  title={Symbolic Discovery of Optimization Algorithms},
  journal={Advances in Neural Information Processing Systems},
  year={2023}
}

@article{ma2022evolving,
    author = {He Ma  and Arunachalam Narayanaswamy  and Patrick Riley  and Li Li },
    title = {Evolving symbolic density functionals},
    journal = {Science Advances},
    volume = {8},
    number = {36},
    pages = {eabq0279},
    year = {2022},
    doi = {10.1126/sciadv.abq0279},
}

@article{schmidt2009distilling,
    author = {Michael Schmidt  and Hod Lipson },
    title = {Distilling Free-Form Natural Laws from Experimental Data},
    journal = {Science},
    volume = {324},
    number = {5923},
    pages = {81--85},
    year = {2009},
    doi = {10.1126/science.1165893},
}

@article{kissing_survey,
 author = {Boyvalenkov, P. and Dodunekov, S. and Musin, O.},
 title = {A survey on the kissing numbers.},
 fjournal = {Serdica Mathematical Journal},
 journal = {Serdica Math. J.},
 issn = {1310-6600},
 volume = {38},
 number = {4},
 pages = {507--522},
 year = {2012},
 language = {English},
 keywords = {52C17,94B65,90C05,52-02},
 zbMATH = {6456212},
 Zbl = {1324.52013}
}

@software{jax2018github,
  author = {James Bradbury and Roy Frostig and Peter Hawkins and Matthew James Johnson and Chris Leary and Dougal Maclaurin and George Necula and Adam Paszke and Jake Vander{P}las and Skye Wanderman-{M}ilne and Qiao Zhang},
  title = {{JAX}: composable transformations of {P}ython+{N}um{P}y programs},
  url = {http://github.com/jax-ml/jax},
  version = {0.3.13},
  year = {2018},
}

@software{xla,
  author = {OpenXLA},
  title = {{XLA}: composable transformations of {P}ython+{N}um{P}y programs},
  url = {https://github.com/openxla/xla},
}

@inproceedings{vaswani2017attention,
      title={Attention Is All You Need}, 
      author={Ashish Vaswani and Noam Shazeer and Niki Parmar and Jakob Uszkoreit and Llion Jones and Aidan N. Gomez and Lukasz Kaiser and Illia Polosukhin},
      booktitle = {Advances in Neural Information Processing Systems},
      year={2017},
}

@article{dao2022flashattention,
  title={Flashattention: Fast and memory-efficient exact attention with io-awareness},
  author={Dao, Tri and Fu, Dan and Ermon, Stefano and Rudra, Atri and R{\'e}, Christopher},
  journal={Advances in neural information processing systems},
  volume={35},
  pages={16344--16359},
  year={2022}
}

@article{bahdanau2014neural,
  title={Neural machine translation by jointly learning to align and translate},
  author={Bahdanau, Dzmitry and Cho, Kyunghyun and Bengio, Yoshua},
  journal={arXiv preprint arXiv:1409.0473},
  year={2014}
}


@article{hemberg2024evolving,
	author = {Hemberg, Erik and Moskal, Stephen and O'Reilly, Una-May},
	doi = {10.1007/s10710-024-09494-2},
	journal = {Genetic Programming and Evolvable Machines},
	number = {2},
	pages = {21},
	title = {Evolving code with a large language model},
	volume = {25},
	year = {2024},
}

@article{alphafold3,
  title={Accurate structure prediction of biomolecular interactions with AlphaFold 3},
  author={Abramson, Josh and Adler, Jonas and Dunger, Jack and Evans, Richard and Green, Tim and Pritzel, Alexander and Ronneberger, Olaf and Willmore, Lindsay and Ballard, Andrew J and Bambrick, Joshua and others},
  journal={Nature},
  volume={630},
  number={8016},
  pages={493--500},
  year={2024},
  publisher={Nature Publishing Group UK London}
}

@inproceedings{morris2024llm,
  title={Llm guided evolution-the automation of models advancing models},
  author={Morris, Clint and Jurado, Michael and Zutty, Jason},
  booktitle={Proceedings of the Genetic and Evolutionary Computation Conference},
  pages={377--384},
  year={2024}
}

@article{kauers2025consequences,
  title={Consequences of the {M}oosbauer-{P}oole Algorithms},
  author={Kauers, Manuel and Wood, Isaac},
  journal={arXiv preprint arXiv:2505.05896},
  year={2025}
}


@article{cohn2019optimal,
  title={An optimal uncertainty principle in twelve dimensions via modular forms},
  author={Cohn, Henry and Gon{\c{c}}alves, Felipe},
  journal={Inventiones mathematicae},
  volume={217},
  pages={799--831},
  year={2019},
  publisher={Springer}
}